%  General hydrology bibliography database

%% bibtexfile{
%% author	=David M. Doolin
%% version 	="1.0"
%% year		="18 feb 95"
%% filename	="hydro.bib"
%% address	="utk"
%% email	="doolin at cs.utk.edu"

@String{GSAB={Geological Society of America Bulletin}}
@String{IJRM={Int. J. Rock Mech. Min. Sci. \& Geomech. Abstr.}}
@String{JGR="Journal Of Geophysical Research"}
@String{IJMGE="International Journal Of Mining and Engineering"}
@String{BAEG="Bulletin of the Association of Engineering Geologists"}
@String{WRR="Water Resources Research"}
@String{GW="Ground Water"}
@String{JSG="Journal of Structural Geology"}



@article{amadei:b87,
author	={B. Amadei and W. Z. Savage and H. S. Swolfs},
title	={Gravitational stresses in Anisotropic Rock Masses},
journal={IJRM},
volume	=24,
pages	={5--14},
year	=1987,
}


@article{amadei:b92,
author={B. Amadei and E. Pan},
title = {Gravitational Stresses in Anisotropic Rock Masses
with Inclined Strata},
journal=IJRM,
volume=29,
pages={225--236},
year=1992,
}

@book{lekhnitskii:sg63,
author	={S. G. Lekhnitskii},
title	= {Theory of Elasticity of an Anisotropic Body},
publisher={Holden-Day},
address={San Francisco, CA},
year	=1963,
}

@book{muskhelishvili:ni53,
author	={N. I. Muskhelishvili},
title	= {Some Basic Problems of the Mathematical Theory 
of Elasticity},
publisher={Noordhoof},
address={Groningen, The Netherlands},
year	=1953,
}


@article{pan:e94,
author={E. Pan and B. Amadei},
title={Stresses in Anisotropic Rock Mass with Irregular 
Topography},
journal={Journal of Engineering Mechanics},
volume=120,
year=1994,
}


@article{terzaghi:k52,
author	={K. Terzaghi},
title	={Stresses in Rock About Cavities},
journal={Geotechnique},
volume	=3,
pages	={57--60},
year	=1952,
comment={I think the year on this citation should be 1962, not 1952.},
}

