
@InProceedings{,
  author = 	 {},
  title = 	 {},
  booktitle = 	 {Rock Mechanics in the National Interest, proceedings
of the 38th U.S. Rock Mechanics Symposium},
  OPTcrossref =  {},
  OPTkey = 	 {},
  pages = 	 {},
  year = 	 {2001},
  editor = 	 {D. Elsworth and J. P. Tinucci and K. A. Heasley},
  OPTvolume = 	 {},
  OPTnumber = 	 {},
  OPTseries = 	 {},
  address = 	 {Washington D.C.},
  month = 	 {July 7-10},
  organization = {American Rock Mechanics Association},
  publisher = {Balkema, Rotterdam},
  OPTnote = 	 {},
  OPTannote = 	 {}
}
