@String{ASTM={ASTM International}}

@Manual{astmc805,
  title = 	 {Standard Test Method for Rebound
Number of Hardened Concrete},
  key = 	 {{C} 805},
  OPTauthor = 	 {},
  organization = ASTM,
  address = 	 {100 Bar Harbor Drive, P.O. Box C700, West Conshohocken, PA},
  OPTedition = 	 {},
  OPTmonth = 	 {},
  year = 	 {2002},
  OPTnote = 	 {},
  OPTannote = 	 {}
}
















