
%  Computer modeling  bibliography database

%% bibtexfile{
%% author	="David M. Doolin",
%% version 	="1.0",
%% year	="11 june 94",
%% filename	="comp.bib",
%% address	="utk",
%% email	="doolin at cs.utk.edu" }
%% $Author: doolin $
%% $Source: /home/users/doolin/cvsroot/tex/bibs/comp.bib,v $
%% $Date: 2003/11/15 18:19:09 $
%% $Revision: 1.17 $

@String{GSAB={Geological Society of America Bulletin}}
@String{IJRM={Int. J. Rock Mech. Min. Sci. \& Geomech. Abstr.}}
@String{JGR="Journal Of Geophysical Research"}
@String{IJMGE="International Journal Of Mining and Engineering"}
@String{BAEG="Bulletin of the Association of Engineering Geologists"}
@String{WRR="Water Resources Research"}
@String{GW="Ground Water"}
@String{JSG="Journal of Structural Geology"}


@article{beer94,
author	={G. Beer and B. A. Poulsen},
title	={Efficient Numerical Modelling of Faulted
Rock Using the Boundary Element Method},
journal=IJRM,
volume	=31,
pages	={485--506},
year	=1994,
}

@article{blake66,
author	={W. Blake},
title	={Application of the Finite Element Method of Analysis in
solving Boundary Value Problems in Rock Mechanics},
journal=IJRM,
volume	=3,
pages	={169--180},
year	=1966,
}
 



@Book{cormen:th1990,
  author = 	 {T. H. Cormen and C. E. Leiserson and R. L. Rivest},
  ALTeditor = 	 {},
  title = 	 {Introduction to Algorithms},
  publisher = 	 {MIT Press (McGraw-Hill Book Company},
  year = 	 {1990},
  OPTkey = 	 {},
  OPTvolume = 	 {},
  OPTnumber = 	 {},
  OPTseries = 	 {},
  address = 	 {Cambridge, MA},
  OPTedition = 	 {},
  OPTmonth = 	 {},
  OPTnote = 	 {},
  OPTannote = 	 {}
}

@techreport{maple,
author = {B. W. Char and K. O. Geddes and G.H. Gonnet and B. L. Leong
and M. B. Monagan and S. M. Watt},
title = {Maple V Library Reference Manual},
institution ={Waterloo Maple Software},
address = {Waterloo, Ontario, Canada},
year =1991,
}
 

@article{casanova:h1997,
author	={H. Casanova and J. Dongarra and D. M. Doolin},
title	={Java Access to Numerical Libraries},
journal={Concurrency: Practice and Experience},
volume	=9,
pages	={1279-1291},
year	=1997,
}

@unpublished{cifuentes:c,
author	={C. Cifuentes},
title	={Structuring Decompiled Graphs},
note	={http://crg.cs.tas.edu.au/dcc.html},
year	={199?},
}


@book{cook88,
author ={R. D. Cook and  D. S. Malkus and M. E. Plesha},
title	={Concepts and Applications of Finite Element Analysis}, 
publisher={John Wiley \& Sons},
address={New York},
pages	={188}, 
year	={1988}, 
}

@techreport{crutch94,
author = {J. Crutchfield},
title = {The Evolution of Emergent Computation},
institution ={Santa Fe Institute},
type = {Technical Report},
address = {Santa Fe, NM},
year = {1994},
}
 

@article{fenves:gl1990,
author	={G. L. Fenves},
title	={Object-oriented Programming for Engineering
Software Development},
journal={Engineering with Computers},
volume	=6,
pages	={1-15},
year	=1990,
}

@book{fenves:sj1967,
author	={S. J. Fenves},
title	= {Computer Methods in Civil Engineering},
edition={},
publisher={Prentice-Hall, Inc.},
address={Englewood Cliffs, NJ},
year	=1967,
comment={Interesting discussion of so-called 
Problem Oriented Languages},
}




@Book{gamma:e1995,
  author = 	 {E. Gamma and R. Helm and R. Johnson and J. Vlissides},
  ALTeditor = 	 {},
  title = 	 {Design Patterns: Elements of reusable software},
  publisher = 	 {Addison-Wesley},
  year = 	 {1995},
  OPTkey = 	 {},
  OPTvolume = 	 {},
  OPTnumber = 	 {},
  OPTseries = 	 {},
  address =	 {New York},
  OPTedition = 	 {},
  OPTmonth = 	 {},
  OPTnote = 	 {},
  OPTannote = 	 {}
}

@article{hathaway94,
author	={A. W. Hathaway},
title	={Computer Modeling, Part 1; Accept its Use and Value
with Reasoned Skepticism},
journal={Association of Engineering Geologists},
volume	=37,
pages	={31--34},
year	=1994,
}


@book{journel:ag89,
author	={A. G. Journel},
title	= {Fundamentals of Geostatistics in Five Lessons},
publisher={American Geophysical Union},
address={Washington, DC},
year	={1989},
}




@Book{knuth:de1998,
  author = 	 {D. E. Knuth},
  ALTeditor = 	 {},
  title = 	 {The Art of Computer Programming},
  publisher = 	 {Addison-Wesley},
  year = 	 {1998},
  OPTkey = 	 {},
  OPTvolume = 	 {},
  OPTnumber = 	 {},
  OPTseries = 	 {},
  OPTaddress = 	 {},
  edition = 	 {2d},
  OPTmonth = 	 {},
  OPTnote = 	 {},
  OPTannote = 	 {}
}

@book{graham:is1999,
author	={I. S. Graham and L. Quin},
title	= {{XML} {S}pecification {G}uide},
edition={},
publisher={John Wiley \& Sons},
address={New York},
year	=1999,
}



@Book{laurie:b1997,
  author = 	 {B. Laurie and P. Laurie and R. J. Denn},
  title = 	 {Apache: The Definitive Guide},
  publisher = 	 {O'Reilly \& Associates},
  year = 	 {1997},
  OPTkey = 	 {},
  OPTvolume = 	 {},
  OPTnumber = 	 {},
  OPTseries = 	 {},
  address = 	 {Sebastapol, CA},
  OPTedition = 	 {},
  OPTmonth = 	 {},
  OPTnote = 	 {},
  OPTannote = 	 {}
}

@unpublished{kahan:w1997,
author	={W. Kahan},
title	={Miscalculating Area and Angles of a Needle-like Triangle},
note	={From web site.},
year	=1997,
}

@unpublished{kahan:w1996a,
author	={W. Kahan},
title	={Beastly Numbers},
note	={From web site},
year	=1996,
}

@unpublished{kahan:w1996b,
author	={W. Kahan},
title	={Lecture Notes on the Status of IEEE Standard 
745 for Binary Floating-Point Arithmetic},
note	={From web site.},
year	=1996,
}




@Book{kernigan:bw1988,
  author = 	 {B. W. Kernigan and D. Ritchie},
  ALTeditor = 	 {},
  title = 	 {The {C} programming language},
  publisher = 	 {Prentice Hall},
  year = 	 {1988},
  OPTkey = 	 {},
  OPTvolume = 	 {},
  OPTnumber = 	 {},
  OPTseries = 	 {},
  OPTaddress = 	 {},
  OPTedition = 	 {},
  OPTmonth = 	 {},
  OPTnote = 	 {},
  OPTannote = 	 {}
}

@unpublished{koehler:jr,
author	={J. R. Koehler and A. B. Owens},
title	={Computer Experiments},
note	={},
year	={199?},
}


@article{leroux:jp94,
author	={J. P. {Le Roux}},
title	={Spreadsheet Procedure for Modified First-Order
Embedded {M}arkov Analysis of Cyclicity in Sediments},
journal={Computers \& Geosciences},
volume	=20,
pages	={17--22},
year	=1994,
}


@Book{manber:u1989,
author = 	 {U. Manber},
  title = 	 {Introduction to Algorithms---A creative approach},
  publisher = 	 {Addison-Wesley Publishing Company},
  address = {New York},
  year = 	 {1989},
}


@article{millar94,
author	={D. L. Millar and J. A. Hudson},
title	={Performance Monitoring of Rock Engineering
Systems Using Neural Networks},
journal={Trans. Instn Min. Metall.},
volume	=103,
pages	={A3--A16},
year	=1994,
}

@techreport{millar93,
author = {D. L. Hudson and Y. Jiao and P. N. Arnold and J. A. Hudson},
title = {Rock Engineering Systems Approach to Risk Management},
institution ={Rock Engineering Group},
address ={Imperial College, London},
year = {1993},
}
 

@article{richter:c94,
author	={C. Richter and D. Krejci},
title	={The Representation of Directional Geological Data:
Tec-Hardware Independent High-Quality Graphics},
journal={Computers \& Geosciences},
volume	=20,
pages	={23--30},
year	=1994,
}

@article{rizzo94,
author	={D. M. Rizzo and D. E. Dougherty},
title	={Characterization of Aquifer Properties
Using Artificial Neural Networks},
journal={Water Resources Research},
volume	=30,
pages	={483--497},
year	=1994,
}




@article{schiffman:rl1970,
author	={R. L. Schiffman and R. V. Whitman and J. C. Jordan},
title	={Settlement Problem Oriented Language},
journal={Journal of the Soil Mechanics and Foundations 
Division. Proceedings of the American Society of Civil 
Engineers},
volume	=96,
pages	={649-669},
year	=1970,
}




@Book{sedgewick:r1990,
  author = 	 {R. Sedgewick},
  ALTeditor = 	 {},
  title = 	 {Algorithms in {C}},
  publisher = 	 {Addison-Wesley Publishing Company},
  year = 	 {1990},
  OPTkey = 	 {},
  OPTvolume = 	 {},
  OPTnumber = 	 {},
  OPTseries = 	 {},
  address = 	 {New York},
  OPTedition = 	 {},
  OPTmonth = 	 {},
  OPTnote = 	 {},
  OPTannote = 	 {}
}

@article{soulimani:a1998,
author	={A. Soulimani and Y. Saad},
title	={An Arbitrary Lagrangian-Eulerian finite element
method for solving three-dimensional free surface flows},
journal={Computer Methods in Applied Mechanics and Engineering},
volume	=162,
pages	={79-106},
year	=1998,
}



@techreport{stewart:de92,
author = {D. E. Stewart},
title = {Meschach---Matrix computations in C},
institution ={Australian National University},
address = {Canberra, Australia},
year =1992,
}
 
