
%  Computer modeling  bibliography database

%% bibtexfile{
%% author	="David M. Doolin",
%% version 	="1.0",
%% year	="11 june 94",
%% filename	="comp.bib",
%% address	="utk",
%% email	="doolin at cs.utk.edu" }
%% $Author: doolin $
%% $Source: /home/users/doolin/cvsroot/tex/bibs/compgraphics.bib,v $
%% $Date: 2005/08/24 18:55:03 $
%% $Revision: 1.13 $

@String{GSAB={Geological Society of America Bulletin}}
@String{IJRM={Int. J. Rock Mech. Min. Sci. \& Geomech. Abstr.}}
@String{JGR="Journal Of Geophysical Research"}
@String{IJMGE="International Journal Of Mining and Engineering"}
@String{BAEG="Bulletin of the Association of Engineering Geologists"}
@String{WRR="Water Resources Research"}
@String{GW="Ground Water"}
@String{JSG="Journal of Structural Geology"}
@String{GGIV="Graphics Gems IV"}
@String{GGIVED="P. S. Heckbert"}




@InProceedings{baraff:d1996,
  author = 	 {D. Baraff},
  title = 	 {Linear-time dynamics using {L}agrange multipliers},
  booktitle = 	 {Computer Graphics Proceedings},
  OPTcrossref =  {},
  OPTkey = 	 {},
  pages = 	 {137-146},
  year = 	 {1996},
  OPTeditor = 	 {},
  OPTvolume = 	 {},
  OPTnumber = 	 {},
  OPTseries = 	 {},
  OPTaddress = 	 {},
  month = 	 {August 6-9},
  organization = {SIGGRAPH},
  OPTpublisher = {},
  OPTnote = 	 {},
  OPTannote = 	 {}
}




@InCollection{baraff:d1997,
  author = 	 {D. Baraff},
  title = 	 {Rigid body simulation {II}---Nonpenetration constraints},
  booktitle = 	 {An introduction to physically based modeling},
  OPTcrossref =  {},
  OPTkey = 	 {},
  pages = 	 {D32-D68},
  OPTpublisher = {},
  year = 	 {1997},
  OPTeditor = 	 {},
  OPTvolume = 	 {},
  OPTnumber = 	 {},
  OPTseries = 	 {},
  OPTtype = 	 {},
  OPTchapter = 	 {},
  OPTaddress = 	 {},
  OPTedition = 	 {},
  OPTmonth = 	 {},
  OPTnote = 	 {},
  OPTannote = 	 {}
}




@Article{barret:s2005,
  author = 	 {S. Barret},
  title = 	 {Efficient Polygon Edge Enumeration},
  journal = 	 {Journal of Graphics Tools},
  year = 	 {2005},
  OPTkey = 	 {},
  volume = 	 {10},
  number = 	 {2},
  pages = 	 {51-53},
  OPTmonth = 	 {},
  OPTnote = 	 {},
  OPTannote = 	 {}
}

@inbook{bashein:g1994,
author ={G. Bashein and P. R. Detmer},
title	={Centroid of a Polygon},
booktitle=GGIV,
publisher={AP Professional},
address={New York},
pages	={3-6},
year	={1994},
}

@article{blinn:jf1998,
author	={J. F. Blinn},
title	={The Cross Ratio},
journal={{IEEE} Computer Graphics and Applications},
volume	={},
pages	={78-80},
year	=1998,
}



@article{cattani:c1990,
author	={C. Cattani and A. Paoluzzi},
title	={Symbolic Analysis of Linear Polyhedra},
journal={Engineering with Computers},
volume	=6,
pages	={17-29},
year	=1990,
}


@inbook{cromwell:rl1994,
author ={R. L. Cromwell},
title	={Efficient Eigenvalues for Visualization},
booktitle=GGIV,
publisher={AP Professional},
address={New York},
pages	={193-198},
year	={1994},
}





@Book{dorst:l2002,
  ALTauthor = 	 {},
  editor = 	 {L. Dorst and C. Doran and J. Lasenby},
  title = 	 {Applications of Algebar in Computer Science
end Engineering},
  publisher = 	 {Birk\:auser},
  year = 	 {2002},
  OPTkey = 	 {},
  OPTvolume = 	 {},
  OPTnumber = 	 {},
  OPTseries = 	 {},
  address = 	 {Boston},
  OPTedition = 	 {},
  OPTmonth = 	 {},
  note = 	 {QA 76 .9 M35 A658 2002},
  OPTannote = 	 {}
}

@inbook{haines:e1994,
author ={E. Haines},
title	={Point in Polygon Strategies},
booktitle=GGIV,
publisher={AP Professional},
address={New York},
pages	={24-45},
year	={1994},
}

@article{gonzalez-ochoa:c1998,
author	={C. {Gonzalez-Ochoa} and S. McCammon and J. Peters},
title	={Computing Moments of Objects Enclosed
by Piecewise Polynomial Surfaces},
journal={ACM Transactions on Graphics},
volume	=17,
pages	={143-157},
year	=1998,
}


@article{greiner:g1998,
author	={G. Greiner and K. Horman},
title	={Efficient Clipping of Arbitrary Polygons},
journal={ACM Transactions on Graphics},
volume	=17,
pages	={71-83},
year	=1998,
}



@inbook{hill:fs1994,
author ={F. S. Hill, {J}r.},
title	={The Pleasures of ``Perp Dot'' Products},
booktitle=GGIV,
publisher={AP Professional},
address={New York},
pages	={138-148},
year	={1994},
}

@inbook{miller:rd1994,
author ={R. D. Miller},
title	={Transforming Coordinates from One Coordinate
Plane to Another},
booktitle=GGIV,
publisher={AP Professional},
address={New York},
pages	={111-120},
year	={1994},
}


@article{mirtich:bv1998a,
author	={B. V. Mirtich},
title	={V-Clip: Fast and Robust Polyhedral
Collision Detection},
journal={{ACM} Transactions on Graphics},
volume	=17,
pages	={177-208},
year	=1998,
}

@article{ mirtich:b1996,
    author = "Brian Mirtich",
    title = "Fast and accurate computation of polyhedral mass properties",
    journal = "Journal of Graphics Tools: JGT",
    volume = "1",
    number = "2",
    OPTmonth = "????",
    pages = "31--50",
    year = "1996",
    url = "citeseer.ist.psu.edu/mirtich96fast.html" }



@Book{orourke:j1998,
  author = 	 {J. {O'Rourke}},
  ALTeditor = 	 {},
  title = 	 {Computational Geometry in C},
  publisher = 	 {Cambridge University Press},
  year = 	 {1998},
  OPTkey = 	 {},
  OPTvolume = 	 {},
  OPTnumber = 	 {},
  OPTseries = 	 {},
  address = 	 {40 West 20th St., New York, New York},
  OPTedition = 	 {},
  OPTmonth = 	 {},
  OPTnote = 	 {},
  OPTannote = 	 {}
}

@inbook{schorn:p1994,
author ={P. Schorn},
title	={Testing the Convexity of a Polygon},
booktitle=GGIV,
publisher={AP Professional},
address={New York},
pages	={7-15},
year	={1994},
}



@inbook{shoemake:k1994a,
author ={K. Shoemake},
title	={Euler Angle Conversion},
booktitle=GGIV,
publisher={AP Professional},
address={New York},
pages	={222-229},
year	={1994},
}

@inbook{shoemake:k1994b,
author ={K. Shoemake},
title	={Polar Matrix Decomposition},
booktitle=GGIV,
publisher={AP Professional},
address={New York},
pages	={207-221},
year	={1994},
}





@Article{vandenbergen:g1999,
  author = 	 {G. {van den Bergen}},
  title = 	 {A fast and robust {GJK} implementation 
for collision detection of convex objects},
  journal = 	 {Journal of Graphics Tools},
  year = 	 {1999},
  OPTkey = 	 {},
  volume = 	 {4},
  OPTnumber = 	 {},
  pages = 	 {7-25},
  OPTmonth = 	 {},
  OPTnote = 	 {},
  OPTannote = 	 {}
}




@inbook{wu:k1994,
author ={K. Wu},
title	={Fast Inversion of Length- and Angle-Preserving
Matrices},
booktitle=GGIV,
publisher={AP Professional},
address={New York},
pages	={199-206},
year	={1994},
}

