@book{skiena,
  title = "The Algorithm Design Manual",
  author = "Steven S. Skiena",
  publisher = "Springer",
  year = "2008",
  edition = "2",
}

@book{rosen,
  title = "Discrete Mathematics and its Applications",
  author = "Kenneth H. Rosen",
  publisher = "McGraw Hill",
  year = "2012",
  edition = "7",
}

@book{aho:av:1992,
  title = "Foundations of Computer Science",
  author = "Alfred V. Aho and Jeffrey D. Ullman",
  publisher = "Computer Science Press",
  year = "1992",
}

@book{cormen:th:1990,
  title = "Introduction to Algorithms",
  author = "Thomas H. Cormen and Charles E. Leiserson and Ronald L. Rivest",
  publisher = "The MIT Press",
  year = "1990"
}

@book{orourke:j1998,
  title = "Computational Geometry in C",
  author = "Joseph O'Rourke",
  publisher = "Cambridge",
  year = "1998",
  edition = "2nd"
}

@book{sedgewick:r1990,
  title = "Algorithms",
  author = "Robert Sedgwick",
  edition = "4th",
  publisher = "Addison Wesley Publishing Company",
  year = "1990"
}

@book{sedgewick:r2011,
  title = "Algorithms in C",
  author = "Robert Sedgwick And Kevin Wayne",
  publisher = "Addison Wesley Publishing Company",
  year = "2011"
}

@book{manber:u1989,
  title = "Introduction to Algorithms A Creative Approach",
  author = "Udi Manber",
  publisher = "Addison Wesley",
  year = "1989",
}

@book{nagle:rk1989,
  title = "Fundamentals of Differential Equations",
  author = "R. K. Nagle and E. B. Saff",
  publisher = "Benjamin Cummings",
  year = "1989"
}
