%  DDA bibliography database

%% bibtexfile{
%% author	="David M. Doolin",
%% version 	="1.0",
%% year	="97",
%% filename	="contact.bib",
%% address	="utk",
%% email	="doolin at cs.utk.edu" }
%% $Author: doolin $
%% $Source: /home/users/doolin/cvsroot/tex/bibs/contact.bib,v $
%% $Date: 2003/04/17 14:03:38 $
%% $Revision: 1.12 $



@String{GSAB={Geological Society of America Bulletin}}
@String{IJRM={Int. J. Rock Mech. Min. Sci. \& Geomech. Abstr.}}
@String{JGR="Journal Of Geophysical Research"}
@String{IJMGE="International Journal Of Mining and Engineering"}
@String{BAEG="Bulletin of the Association of Engineering Geologists"}
@String{WRR="Water Resources Research"}
@String{GW="Ground Water"}
@String{JSG="Journal of Structural Geology"}
@String{CMAME={Comp. Meth. Appl. Mech. Eng.}}




@Article{chatterjee:a1998a,
  author = 	 {A. Chatterjee and A. Ruina},
  title = 	 {A new algebraic rigid body 
collision law based on impulse space considerations},
  journal = 	 {Journal of Applied Mechanics},
  year = 	 {1998},
  OPTkey = 	 {},
  volume = 	 {65},
  OPTnumber = 	 {4},
  pages = 	 {939-951},
  OPTmonth = 	 {Dec},
  OPTnote = 	 {A simple two-parameter collision 
model for general 3D frictional, 
single-point rigid body collisions},
  OPTannote = 	 {}
}




@InProceedings{chatterjee:a1998b,
  author = 	 {A. Chatterjee and A. Ruina},
  title = 	 {Realizability of Arbitrary Local Mass Matrices 
in Single-Point Rigid Body Collisions},
  booktitle = 	 {Proceedings of the International Symposium on 
Impact and Friction of Solids, Structures and 
Intelligent Machine},
  OPTcrossref =  {},
  OPTkey = 	 {},
  OPTpages = 	 {},
  year = 	 {1998},
  OPTeditor = 	 {},
  OPTvolume = 	 {},
  OPTnumber = 	 {},
  OPTseries = 	 {},
  address = 	 {Ottowa, Canada},
  month = 	 {June},
  OPTorganization = {},
  OPTpublisher = {},
  OPTnote = 	 {},
  OPTannote = 	 {}
}




Chatterjee, A, Ruina, A. 
Journal of Applied Mechanics, Vol 65, #4, 894-900, Dec 1998.
@Article{chatterjee:a1998c,
  author = 	 {},
  title = 	 {Two Interpretations of Rigidity in Rigid Body Collisions},
  journal = 	 {Journal of Applied Mechanics},
  year = 	 {1998},
  OPTkey = 	 {},
  volume = 	 {65},
  OPTnumber = 	 {4},
  pages = 	 {894-900},
  OPTmonth = 	 {},
  OPTnote = 	 {Discussion of force-response rigidity vs. 
impulse-response rigidity. 
(A previous version appears in the Proceedings of ASME Winter
Meeting, Dallas, TX, Nov 1997.)},
  OPTannote = 	 {}
}



@article{felippa:ca1977,
author	={C. A. Felippa},
title	={Error Analysis of Penalty Function Techniques for 
Constraint Definition in Linear Algebraic Systems},
journal={Int. J. Num. Meth. Eng.},
volume	=11,
pages	={708-728},
year	=1977,
}



@techreport{ju:jw1987,
author = {J.-W. Ju and R. L. Taylor, and L.-Y. Cheng},
title = {A Consistent Finite Element Formulation of 
Nonlinear Frictional Contact Problems},
institution ={Naval Civil Engineering Laboratory},
type = {{CR} 87.008},
address = {Port Heume, CA},
year =1987,
}
 




@Article{kane:c1999,
  author = 	 {C. Kane and E. A. Repetto and M. Ortiz and J. E. Marsden},
  title = 	 {Finite element analysis of nonsmooth contact},
  journal = 	 CMAME,
  year = 	 {1999},
  OPTkey = 	 {},
  volume = 	 {180},
  OPTnumber = 	 {},
  pages = 	 {1-26},
  OPTmonth = 	 {},
  OPTnote = 	 {},
  OPTannote = 	 {}
}

@techreport{landers:ja1985,
author = {J. A. Landers and R. L. Taylor},
title = {An Augmented Lagrangian Formulation for the 
Finite Element Solution of Contact Problems},
institution ={University of California},
type = {{UCB$/$SESM}-85$/$09},
address = {Berkeley, California},
year =1985,
}

 


@Article{laursen:ta1994,
  author = 	 {T. A. Laursen},
  title = 	 {},
  journal = 	 {ASME Journal of Applied Mechanics},
  year = 	 {1994},
  OPTkey = 	 {},
  volume = 	 {61},
  OPTnumber = 	 {},
  pages = 	 {956-963},
  OPTmonth = 	 {},
  OPTnote = 	 {},
  OPTannote = 	 {}
}




@Book{laursen:ta2002,
  title = 	 {Computational contact and impact mechanics
Fundamentals of modeling interfacial phenomena in 
nonlinear finite element analysis},
  ALTeditor = 	 {},
  author = 	 {T. A. Laursen},
  publisher = 	 {Springer},
  year = 	 {2002},
  OPTkey = 	 {},
  OPTvolume = 	 {},
  OPTnumber = 	 {},
  OPTseries = 	 {},
  address = 	 {New York},
  OPTedition = 	 {},
  OPTmonth = 	 {},
  note = 	 {TA 347 F5 L38 2002},
  OPTannote = 	 {}
}

@Article{lotstedt:p1981,
  author = 	 {P. Lotstedt},
  title = 	 {Coulomb friction in Two-Dimensional Rigid Body Systems},
  journal = 	 {ZAMM},
  year = 	 {1981},
  OPTkey = 	 {},
  volume = 	 {61},
  OPTnumber = 	 {},
  pages = 	 {605-615},
  OPTmonth = 	 {},
  OPTnote = 	 {},
  OPTannote = 	 {}
}



@TechReport{mirtich:bv1998b,
  author = 	 {B. V. Mirtich},
  title = 	 {Rigid body contact: Collision detection 
to force computation},
  institution =  {Mitsubishi Electric Research Laboratory},
  year = 	 {1998},
  OPTkey = 	 {},
  OPTtype = 	 {},
  number = 	 {TR-98-01},
  address = 	 {Mitsubishi Electric Technology Information Center
America, 201 Broadway, Cambridge MA 02139},
  month = 	 {March},
  OPTnote = 	 {},
  OPTannote = 	 {}
}



@article{taylor:rl1993,
author	={R. L. Taylor and P. Papadapoulos},
title	={On a finite element method for dynamic contact$/$impact
problems},
journal={International Journal for Numerical Methods in Engineering},
volume	=36,
pages	={2123-2140},
year	=1993,
}




@Article{trinkle:jc1997,
  author = 	 {J. C. Trinkle and J.S. Pang and S. Sudarsky and S. Lo},
  title = 	 {On Dynamic Multi-Rigid-Body Contact Problems with Coulomb Friction},
  journal = 	 {ZAMM},
  year = 	 {1997},
  OPTkey = 	 {},
  volume = 	 {77},
  OPTnumber = 	 {},
  pages = 	 {267-279},
  OPTmonth = 	 {},
  OPTnote = 	 {},
  OPTannote = 	 {}
}




@Book{wriggers:p2002,
  author = 	 {P. Wriggers},
  ALTeditor = 	 {},
  title = 	 {Computational contact mechanics},
  publisher = 	 {John Wiley \& Sons Ltd},
  year = 	 {2002},
  OPTkey = 	 {},
  OPTvolume = 	 {},
  OPTnumber = 	 {},
  OPTseries = 	 {},
  address = 	 {The Atrium, Southern Gate, Chichester,
West Sussex PO19 8SQ, England},
  OPTedition = 	 {},
  OPTmonth = 	 {},
  OPTannote = 	 {},
  note = 	 {TA 353 w75 2002}
}

@article{zavarise:g1999,
author	={G. Zavarise and P. Wriggers},
title	={A Superlinear Convergent Augmented 
Lagrangian Procedure for Contact Problems},
journal={Engineering Computations},
volume	=16,
pages	={88-119},
year	=1999,
}

