%  DDA bibliography database

%% bibtexfile{
%% author	="David M. Doolin",
%% version 	="1.0",
%% email	="doolin at cs.utk.edu" }
%% $Author: doolin $
%% $Source: /home/users/doolin/cvsroot/tex/bibs/cosserat.bib,v $
%% $Date: 2002/10/28 18:02:58 $
%% $Revision: 1.8 $



@String{GSAB={Geological Society of America Bulletin}}
@String{IJRM={Int. J. Rock Mech. Min. Sci. \& Geomech. Abstr.}}
@String{JGR="Journal Of Geophysical Research"}
@String{IJMGE="International Journal Of Mining and Engineering"}
@String{BAEG="Bulletin of the Association of Engineering Geologists"}
@String{WRR="Water Resources Research"}
@String{GW="Ground Water"}
@String{JSG="Journal of Structural Geology"}
@String{ZAMP="Zeitschrift f{\"u}r angewandte Mathematik und Physik ZAMP"}



@article{alves:bk1993,
author	={B. K. Alves and J. Lubliner},
title	={Method of virtual power applied to {C}osserat
surfaces with deformable directors},
journal={Applied Mechanics Review},
volume	=46,
pages	={S266-S278},
year	=1993,
}



@article{dai:c1996,
author	={C. Dai and H. M{\"u}hlhaus and J. L. Meek and M. {Duncan Fama}},
title	={Modelling of Block Rock Mases Using Cosserat Method},
journal=IJRM,
volume	=33,
pages	={425-432},
year	=1996,
}



@inproceedings{durand:af1999,
author ={A. F. Durand and E. A. Vargas and L. E. Vaz and J. A. Macias},
title  ={Numerical limit analysis of fractured rock masses modelled as
discontinua and cosserat continua},
booktitle = {Rock Mechanics for Industry},
organization = {American Rock Mechanics Association},
editor = {Amadei and Kranz and Smeallie},
year = {1999},
pages = {567-572},
}



@article{green:ae1991,
title ={A thermomechanical theory of a cosserat point with 
applications to composite materials},
author	={A. E. Green and P. M. Naghdi},
journal={Quarterly Journal of Mechanics and Applied Mathematics},
volume	=44,
pages	={335-355},
year	=1991,
}



@article{markenscoff:x1998,
author	={X. Markenscoff and M. Paukshto},
title	={The {C}osserat spectrum in the theory 
of elasticity and applications},
journal={Proc. R. Soc. Lond. A},
volume	=454,
pages	={631-643},
year	=1998,
}

@incollection{m{\"u}hlhaus:hb1993,
author	={H.-B. M{\"u}hlhaus},
title	={Continuum Models for Layered and Blocky Rock},
booktitle={Comprehensive Rock Engineering, Vol. 2.},
editor	={J. A. Hudson},
publisher={Pergamon},
address={????}
pages	={209-230},
year	=1993,
}


@article{oreilly:om1996,
author	={O. M. {O'Reilly}},
title	={A properly invariant theory of infinitesimal
deformations of an elastic cosserat point},
journal=ZAMP,
volume	=47,
pages	={179-193},
year	=1996,
}



@article{oreilly:om1998,
author	={O. M. {O'Reilly} and P. C. Varadi},
title	={A unified treatment of constraints in the theory
of a {C}osserat point},
journal=ZAMP,
volume	=49,
pages	={205-233},
year	=1998,
}

@article{rubin:mb1985a,
author	={M. B. Rubin},
title	={On the theory of a Cosserat Point and its
application to the Numerical Solution of continuum problems},
journal={Journal of Applied Mechanics (Trans. A.S.M.E.)},
volume	=52,
pages	={368-372},
year	=1985,
comment={Postulates conservation and balance laws, does not
conduct in-depth development of equations of motion.},
}

@article{rubin:mb1985b,
author	={M. B. Rubin},
title	={On the Numerical Solution of One-Dimensional
Continuum Problems Using the Theory of a Cosserat Point},
journal={Journal of Applied Mechanics (Trans. A.S.M.E.)},
volume	=52,
pages	={373-378},
year	=1985,
}


@article{rubin:mb1986,
author	={M. B. Rubin},
title	={Free Vibration of a Rectangular Parallelepiped
Using the Theory of a Cosserat Point},
journal={Journal of Applied Mechanics (Trans. A.S.M.E.)},
volume	=53,
pages	={45-50},
year	=1986,
}

@inproceedings{wood:rd1985,
author ={R. D. Wood and H. L. Jayasekera},
title  ={Finite element analysis of couple-stress problems},
booktitle = {Proceedings of the NUMETA '85 Conference Swansea},
organization = {},
month  = {January},
editor = {?},
year = {1985},
pages = {907-912},
}

