
@String{ADDRESS={Reston, VA}}
@String{ORGANIZATION={ASCE GeoInstitute}}
@String{PUBLISHER={ASCE}}


@InProceedings{maclaughlin:mm2002,
  author = 	 {M. M. MacLaughlin and K. K. Clapp},
  title = 	 {Discrete Element 
Analysis of an Underground Opening in Blocky Rock: An 
Investigation of the Differences Between {UDEC} and {DDA} 
Results},
  booktitle = 	 {Discrete Element Methods---Numerical modeling of
Discontinua},
  OPTcrossref =  {},
  OPTkey = 	 {},
  pages = 	 {329-334},
  year = 	 {2002},
  editor = 	 {B. K. Cook and R. P. Jensen},
  OPTvolume = 	 {},
  number = 	 {Geotechnical Special Publication No. 117},
  OPTseries = 	 {},
  address = 	 ADDRESS,
  month = 	 {Sept.},
  organization = ORGANIZATION,
  publisher = PUBLISHER,
  OPTnote = 	 {},
  OPTannote = 	 {}
}


@InProceedings{mcbride:a2002,
  author = 	 {A. McBride and I. Govender and M. Powell and V. Balden},
  title = 	 {},
  booktitle = 	 {Discrete Element Methods---Numerical modeling of
Discontinua},
  OPTcrossref =  {},
  OPTkey = 	 {},
  OPTpages = 	 {},
  year = 	 {2002},
  editor = 	 {B. K. Cook and R. P. Jensen},
  OPTvolume = 	 {},
  number = 	 {Geotechnical Special Publication No. 117},
  OPTseries = 	 {},
  address = 	 ADDRESS,
  month = 	 {Sept.},
  organization = ORGANIZATION,
  publisher = PUBLISHER,
  OPTnote = 	 {},
  OPTannote = 	 {}
}

@InProceedings{feng:yt2002,
  author = 	 {Y. T. Feng and D. R. J. Owen},
  title = 	 {},
  booktitle = 	 {Discrete Element Methods---Numerical modeling of
Discontinua},
  OPTcrossref =  {},
  OPTkey = 	 {},
  OPTpages = 	 {},
  year = 	 {2002},
  editor = 	 {B. K. Cook and R. P. Jensen},
  OPTvolume = 	 {},
  number = 	 {Geotechnical Special Publication No. 117},
  OPTseries = 	 {},
  address = 	 ADDRESS,
  month = 	 {Sept.},
  organization = ORGANIZATION,
  publisher = PUBLISHER,
  OPTnote = 	 {},
  OPTannote = 	 {}
}

