@article{dirac_1939,
  title={A new notation for quantum mechanics},
  volume={35},
  DOI={10.1017/S0305004100021162},
  number={3},
  journal={Mathematical Proceedings of the Cambridge Philosophical Society},
  publisher={Cambridge University Press},
  author={Dirac, P. A. M.},
  year={1939},
  pages={416â€“418}
}
