
%%  Conasauga  bibliography database
%% bibtexfile{
%% author	="David M. Doolin",
%% version 	="1.0",
%% year	="1999",
%% filename	="unfiled.bib",
%% address	="cal",
%% email	="doolin at cs.utk.edu" }
%% $Author: doolin $
%% $Source: /home/users/doolin/cvsroot/tex/bibs/dolomite.bib,v $
%% $Date: 2002/10/28 18:02:58 $
%% $Revision: 1.5 $


@String{GSAB={Geological Society of America Bulletin}}
@String{IJRM={Int. J. Rock Mech. Min. Sci. \& Geomech. Abstr.}}
@String{JGR="Journal of Geophysical Research"}
@String{IJMGE="International Journal Of Mining and Engineering"}
@String{BAEG="Bulletin of the Association of Engineering Geologists"}
@String{WRR="Water Resources Research"}
@String{GW="Ground Water"}
@String{JSG="Journal of Structural Geology"}
@String{GWMR="Groundwater Monitoring and Remediation"}
@String{JSP="Journal of Sedimentary Petrology"}
@String{TIPM="Transport in Porous Media"}



@article{gregg:jm1984,
author	={J. M. Gregg and D. F. Sibley},
title	={Epigenetic Dolomitization and the origin 
of Xenotopic Dolomite Texture},
journal={Journal of Sedimentary Petrology},
volume	=54,
pages	={908-931},
year	=1984,
}

@article{land:ls19??,
author	={L. S. Land},
title	={The Origin of Massive Dolomite},
journal={The Journal of Geological Education},
volume	={33},
pages	={119-135},
year	=198?,
}

@article{liebermann:o1967,
author	={O. Liebermann},
title	={Synthesis of Dolomite},
journal={Nature},
volume	={???},
pages	={241-245},
year	=1967,
}

@article{lumsden:dn1988,
author	={D. N. Lumsden},
title	={Characteristics of Deep-Marine Dolomite},
journal={Journal of Sedimentary Petrology},
volume	=58,
pages	={1023-1031},
year	=1988,
}

@article{machel:hg1986,
author	={H.-G. Machel and E. W. Mountjoy},
title	={Chemistry and Environments of Dolomitization---A Reappraisal},
journal={Earth-Science Reviews},
volume	=23,
pages	={175-222},
year	=1986,
}

@article{montanez:ip1992,
author	={I. P. Monta{\~n}ez and J. F. Read},
title	={Fluid-rock interaction history during Stabilization 
of Early Dolomites, Upper Knox Group (Lower Ordovician),
U. S. Appalachians},
journal={Journal of Sedimentary Petrology},
volume	=62,
pages	={753-778},
year	=1992,
}


@article{morrow:dw1982a,
author	={D. W. Morrow},
title	={Diagenesis 1. Dolomite---Part 1: The Chemistry of 
Dolomitization and Dolomite Precipitation},
journal={Geoscience Canada},
volume	=9,
pages	={5-13},
year	=1982,
}

@article{morrow:dw1982b,
author	={D. W. Morrow},
title	={Diagenesis 2. Dolomite---Part 2: Dolomitization
Models and Ancient Dolostones},
journal={Geoscience Canada},
volume	=9,
pages	={95-107},
year	=1982,
}

@article{mucci:a1985a,
author	={A. Mucci and J. W. Morse and M. Kaminsky},
title	={Auger Spectroscopy analysis of magnesian 
calcite overgrowths precipitated from seawater and solutions
of similar composition},
journal={American Journal of Science},
volume	=285,
pages	={289-305},
year	=1985,
}

@article{mucci:a1985b,
author	={A. Mucci and J. W. Morse},
title	={Auger Spectroscopy determination of the surface-most
adsorbed layer composition on aragonite, calcite, dolomite,
and magnesite in synthetic seawater},
journal={American Journal of Science},
volume	=285,
pages	={306-317},
year	=1985,
}

@article{mussman:wj1986,
author	={W. J. Mussman and J. F. Read},
title	={Sedimentology and development of a passive 
to convergent-margin unconformity: Middle Ordovician
Knox uniconformity: Virginia Appalachians},
journal={Geological Society of America Bulletin},
volume	=97,
pages	={282-295},
year	=1986,
}

@article{plummer:ln1976,
author	={L. N. Plummer and H. L. Vacher and F. T. MacKenzie
and O. P. Bricker and L. S. Land},
title	={Hydrogeochemistry of Bermuda: A case history of ground-water
diagenesis of biocalcarenites},
journal={Geological Society of America Bulletin},
volume	=87,
pages	={1301-1316},
year	=1976,
}


