
%  doolin  bibliography database


@String{GSAB={Geological Society of America Bulletin}}
@String{IJRM={Int. J. Rock Mech. Min. Sci. \& Geomech. Abstr.}}
@String{JGR="Journal of Geophysical Research"}
@String{IJMGE="International Journal Of Mining and Engineering"}
@String{BAEG="Bulletin of the Association of Engineering Geologists"}
@String{WRR="Water Resources Research"}
@String{GW="Ground Water"}
@String{JSG="Journal of Structural Geology"}
@String{GWMR="Groundwater Monitoring and Remediation"}
@String{JSP="Journal of Sedimentary Petrology"}
@String{TIPM="Transport in Porous Media"}
@String{IJNME="International Journal for Numerical Methods in Engineering"}

@string{BOOKTITLE="Development and Application 
of Discontinuous Modelling for Rock
Engineering --- Proceedings of the 
6th International Conference on Analysis of Discontinuous 
Deformation (ICADD-6), Orkanger, Norway"}

@Article{KovacevicB:95a,
  author = 	"R. Bernardini and J. Kova\v{c}evi\'{c}",
  title = 	"Subband coding using local bases in multiple dimensions",
  journal = 	patent,
  year = 	1998,
  month =	 "May 19,",
  note = 	"\#5,754,794",
  annote =      "An example of how to list patents through BibTex
                 that I found on the web."
}




@Unpublished{doolin:dm:unittest,
  author = 	 {D. M. Doolin},
  title = 	 {Unit test framework for the OpenSees finite 
element code},
  note = 	 {Unpublished, work in progress Feb., 2004.},
  OPTkey = 	 {},
  OPTmonth = 	 {},
  OPTyear = 	 {},
  OPTannote = 	 {}
}




@InProceedings{doolin:dm2005:SPIE,
  author = 	 {D. M. Doolin and N. Sitar},
  title = 	 {Wireless sensors for wildfire monitoring},
  booktitle = 	 {Proceedings of the 
SPIE Vol. 5765: Symposium on Smart Structures \& Materials 2005},
  OPTcrossref =  {},
  OPTkey = 	 {},
  pages = 	 {477-484},
  year = 	 {2005},
  OPTeditor = 	 {},
  OPTvolume = 	 {},
  OPTnumber = 	 {},
  OPTseries = 	 {},
  address = 	 {San Diego, CA},
  month = 	 {March 6-10},
  OPTorganization = {},
  OPTpublisher = {},
  OPTnote = 	 {},
  OPTannote = 	 {}
}

@Misc{doolin:dm2004:TTX,
  OPTkey = 	 {},
  author = 	 {D. M. Doolin and N. Sitar and S. Glaser},
  title = 	 {Software Architecture for GPS-enabled Wildfire Sensorboard},
  howpublished = {TinyOS Technology Exchange Poster, University of California, Berkeley, CA},
  OPTmonth = 	 {Feb. 26},
  year = 	 {2004},
  note = 	 {\url{http://firebug.sourceforge.net/interface_poster.pdf}},
  OPTannote = 	 {}
}

@Article{doolin:dm2004b:doolin,
  author = 	 {D. M. Doolin and N. Sitar},
  title = 	 {Time integration in discontinuous deformation
analysis ({DDA})},
  journal = 	 {ASCE Journal of 
Engineering Mechanics},
  year = 	 {2004},
  OPTkey = 	 {},
  volume = 	 {130},
  OPTnumber = 	 {3},
  pages = 	 {249-258},
  OPTmonth = 	 {March},
  OPTnote = 	 {},
  OPTannote = 	 {}
}

@Article{doolin:dm2004a,
  author = 	 {D. M. Doolin and N. Sitar},
  title = 	 {Unified framework for discontinuous 
deformation analysis and the distinct element method},
  journal = 	 IJNME,
  year = 	 {2003},
  OPTkey = 	 {},
  OPTvolume = 	 {},
  OPTnumber = 	 {},
  OPTpages = 	 {},
  OPTmonth = 	 {},
  OPTnote = 	 {},
  OPTannote = 	 {}
}

@InProceedings{doolin:dm2003d:doolin,
  author = 	 {D. M. Doolin},
  title = 	 {Preliminary results unifying discontinuous 
deformation analysis ({DDA}) and the distinct element method ({DEM})},
  booktitle = 	 BOOKTITLE,
  OPTcrossref =  {},
  OPTkey = 	 {},
 pages = 	 {119-128},
  year = 	 {2003},
  editor = 	 {M. Lu},
  OPTvolume = 	 {},
  OPTnumber = 	 {},
  OPTseries = 	 {},
  address = 	 {Rotterdam},
  month = 	 {October 5-8},
  OPTorganization = {},
  publisher = {Balkema},
  OPTnote = 	 {},
  OPTannote = 	 {}
}

@Article{doolin:dm2003c,
  author = 	 {D. M. Doolin and N. Sitar},
  title = 	 {Impact and boundary behavior in 
discontinuous deformation analysis},
  journal = 	 {(Submitted to) ASCE Journal of Engineering Mechanics},
  year = 	 {2003},
  OPTkey = 	 {},
  volume = 	 {},
  OPTnumber = 	 {},
  OPTpages = 	 {},
  OPTmonth = 	 {},
  OPTnote = 	 {},
  OPTannote = 	 {}
}



@phdthesis{doolin:dm2002c,
author= {D. M. Doolin},
title= {Mathmetical structure and numerical accuracy of 
discontinuous deformation analysis},
school = {University of California, Berkeley},
year=2002,
}



@Article{doolin:dm2002b:doolin,
  author = 	 {D. M. Doolin and N. Sitar},
  title = 	 {Displacement accuracy of discontinuous 
deformation analysis method applied to sliding block},
  journal = 	 {ASCE Journal of Engineering Mechanics},
  year = 	 {2002},
  OPTkey = 	 {},
  volume = 	 {128},
  OPTnumber = 	 {},
  pages = 	 {1158-1168},
  OPTmonth = 	 {},
  OPTnote = 	 {},
  OPTannote = 	 {}
}



@inproceedings{doolin:dm2002a:doolin,
  author = 	 {D. M. Doolin and N. Sitar},
  title = 	 {Accuracy of the {DDA} method for 
frictionless impact},
  booktitle = 	 {Mining and Tunnelling Innovation and Opportunity},
  OPTcrossref =  {},
  OPTkey = 	 {},
  pages = 	 {1289-1296},
  year = 	 {2002},
  editor = 	 {R. Hammah and W. Bawden and J. Curran 
  and M. Telesnicki},
  OPTvolume = 	 {},
  OPTnumber = 	 {},
  OPTseries = 	 {},
  address = 	 {Toronto, Canada},
  month = 	 {July 7-10},
  organization = {North American Rock Mechanics Symposium--Tunneling 
Association of Canada},
  publisher = {Balkema, Rotterdam},
  note = 	 {},
  annote = 	 {}
}





@article{doolin:dm2001c,
author = {D. M. Doolin and N. Sitar},
title =  {{DDAML} --- Discontinuous deformation analysis
markup language},
journal = IJRM,
volume = 38,
pages = {467-474},
year = 2001,
}

@inproceedings{doolin:dm2001b,
  author = 	 {D. M. Doolin and N. Sitar},
  title = 	 {Accuracy of the {DDA} method with respect to 
a single sliding block},
  booktitle = 	 {Rock Mechanics in the National Interest, proceedings
of the 38th U.S. Rock Mechanics Symposium},
  OPTcrossref =  {},
  OPTkey = 	 {},
  pages = 	 {1429-1435},
  year = 	 {2001},
  editor = 	 {D. Elsworth and J. P. Tinucci and K. A. Heasley},
  OPTvolume = 	 {},
  OPTnumber = 	 {},
  OPTseries = 	 {},
  address = 	 {Washington D.C.},
  month = 	 {July 7-10},
  organization = {American Rock Mechanics Association},
  publisher = {Balkema, Rotterdam},
  OPTnote = 	 {},
  OPTannote = 	 {}
}



@article{doolin:dm2001a,
title={Fracture permeability normal to bedding in 
layered rock masses},
author={D. M. Doolin and M. Mauldon},
journal=IJRM,
volume={38},
pages={199-210},
year=2001,
}


@article{doolin:dm1999,
author={D. Doolin and J. Dongarra and K. Seymour},
title={{JL}APACK - {C}ompiling {LAPACK} {F}ortran to {J}ava},
journal={Scientific Programming},
volume=7, 
number=2, 
year=1999, 
issn = {1058-9244},
pages = {pp 111-138},
}




@inproceedings{doolin:dm1996a,
author ={D. M. Doolin and M. Mauldon},
title  ={Bed-normal Permeability in Fractured
Sedimentary Rocks},
booktitle = {Rock Mechanics, Tools and Techniques},
organization = {2d North American Rock Mechanics Symposium},
year = {1996},
month  = {June},
editor = {M. Aubertin and F. Hassani and H. Mitri},
pages = {1793--1800},
}



@article{doolin:dm96b,
author	={D. M. Doolin and M. Mauldon},
title	={Hydrogeological Characterization of a Fractured Shale},
journal={Unpublished manuscript},
year	=1995,
}


@mastersthesis{doolin:dm96c,
author= {D. M. Doolin},
title = {Bed-normal permeability in fractured stratified 
rock masses}, 
school={Department of Civil and Environmental Engineering,
The University of Tennessee},
address={Knoxville, Tennessee},
year={1996},
}


@techreport{doolin:dm1995a,
author = {D. M. Doolin and M. Mauldon},
title = {Anisotropy and Heterogeneity in 
{C}onasauga {G}roup rocks near {O}ak {R}idge {R}eservation, {T}ennessee},
institution ={Department of Energy},
type = {Technical report {DE-FC05-92OR}22056},
address = {Oak Ridge, Tennessee},
year =1995,
}

