%  DDA bibliography database

%% bibtexfile{
%% author	="David M. Doolin",
%% version 	="1.0",
%% year	="97",
%% filename	="contact.bib",
%% address	="utk",
%% email	="doolin at cs.utk.edu" }
%% $Author: doolin $
%% $Source: /home/users/doolin/cvsroot/tex/bibs/fem.bib,v $
%% $Date: 2004/01/31 20:10:50 $
%% $Revision: 1.10 $



@String{GSAB={Geological Society of America Bulletin}}
@String{IJRM={Int. J. Rock Mech. Min. Sci. \& Geomech. Abstr.}}
@String{JGR="Journal Of Geophysical Research"}
@String{IJMGE="International Journal Of Mining and Engineering"}
@String{BAEG="Bulletin of the Association of Engineering Geologists"}
@String{WRR="Water Resources Research"}
@String{GW="Ground Water"}
@String{JSG="Journal of Structural Geology"}



@Book{bathe:kj1976,
  author = 	 {K. J. Bathe and E. L. Wilson},
  ALTeditor = 	 {},
  title = 	 {Numerical Methods in Finite Element Analysis},
  publisher = 	 {Prentice-Hall},
  year = 	 {1976},
  OPTkey = 	 {},
  OPTvolume = 	 {},
  OPTnumber = 	 {},
  OPTseries = 	 {},
  address = 	 {Englewood Cliffs, NJ},
  edition = 	 {1st},
  OPTmonth = 	 {},
  OPTnote = 	 {All I have of this is a xerox of the Newmark 
                  integration pages, 322-326},
  OPTannote = 	 {}
}


@Book{brenner:sc1994,
  author = 	 {S. C. Brenner and L. R. Scott},
  ALTeditor = 	 {},
  title = 	 {The Mathematical Theory of Finite Element Methods},
  publisher = 	 {Springer-Verlag},
  year = 	 {1994},
  OPTkey = 	 {},
  OPTvolume = 	 {},
  OPTnumber = 	 {},
  OPTseries = 	 {},
  address = 	 {New York},
  OPTedition = 	 {},
  OPTmonth = 	 {},
  OPTnote = 	 {},
  OPTannote = 	 {}
}





@Book{desai:cs1972,
  author = 	 {C. S. Desai and J. F. Abel},
  ALTeditor = 	 {},
  title = 	 {Introduction to the Finite Element Method},
  publisher = 	 {Van Nostrand-Reinhold},
  year = 	 {1972},
  OPTkey = 	 {},
  OPTvolume = 	 {},
  OPTnumber = 	 {},
  OPTseries = 	 {},
  address = 	 {New York},
  OPTedition = 	 {},
  OPTmonth = 	 {},
  OPTnote = 	 {},
  OPTannote = 	 {}
}

@article{dolbow:j1998,
title	={An Introduction to Programming the Meshless 
Element-Free Galerkin Method},
author	={J. Dolbow and T. Belytschko},
journal={Archives of Computational Methods in Engineering},
volume	=5,
pages	={207-241},
year	=1998,
}



@article{strang:g1977,
author	={G. Strang},
title	={A Homework exercise in finite elements},
journal={International Journal for Numerical Methods 
in Engineering},
volume	=11,
pages	={411-417},
year	=1977,
}




@Book{zienkiewicz:oc2000a,
  author = 	 {O. C. Zienkiewicz and R. L. Taylor},
  ALTeditor = 	 {},
  title = 	 {The Finite Element Method: The Basis},
  publisher = 	 {Butterworth-Heinemann},
  year = 	 {2000},
  OPTkey = 	 {},
  volume = 	 {1},
  OPTnumber = 	 {},
  OPTseries = 	 {},
  address = 	 {Linacre House, Jordan Hill, Oxford 0X2 8DP, UK},
  edition = 	 {5th},
  OPTmonth = 	 {},
  OPTnote = 	 {},
  OPTannote = 	 {}
}

@Book{zienkiewicz:oc2000b,
  author = 	 {O. C. Zienkiewicz and R. L. Taylor},
  ALTeditor = 	 {},
  title = 	 {The Finite Element Method: Solid Mechanics},
  publisher = 	 {Butterworth-Heinemann},
  year = 	 {2000},
  OPTkey = 	 {},
  volume = 	 {2},
  OPTnumber = 	 {},
  OPTseries = 	 {},
  address = 	 {Linacre House, Jordan Hill, Oxford 0X2 8DP, UK},
  edition = 	 {5th},
  OPTmonth = 	 {},
  OPTnote = 	 {},
  OPTannote = 	 {}
}

@Book{zienkiewicz:oc2000c,
  author = 	 {O. C. Zienkiewicz and R. L. Taylor},
  ALTeditor = 	 {},
  title = 	 {The Finite Element Method: Fluid Dynamics},
  publisher = 	 {Butterworth-Heinemann},
  year = 	 {2000},
  OPTkey = 	 {},
  volume = 	 {3},
  OPTnumber = 	 {},
  OPTseries = 	 {},
  address = 	 {Linacre House, Jordan Hill, Oxford 0X2 8DP, UK},
  edition = 	 {5th},
  OPTmonth = 	 {},
  OPTnote = 	 {},
  OPTannote = 	 {}
}


@Book{znta,
  author = 	 {O. C. Zienkiewicz and R. L. Taylor},
  ALTeditor = 	 {},
  title = 	 {The Finite Element Method: The Basis},
  publisher = 	 {Butterworth-Heinemann},
  year = 	 {2000},
  OPTkey = 	 {},
  volume = 	 {1},
  OPTnumber = 	 {},
  OPTseries = 	 {},
  address = 	 {Linacre House, Jordan Hill, Oxford 0X2 8DP, UK},
  edition = 	 {5th},
  OPTmonth = 	 {},
  OPTnote = 	 {},
  OPTannote = 	 {}
}

@Book{zntb,
  author = 	 {O. C. Zienkiewicz and R. L. Taylor},
  ALTeditor = 	 {},
  title = 	 {The Finite Element Method: Solid Mechanics},
  publisher = 	 {Butterworth-Heinemann},
  year = 	 {2000},
  OPTkey = 	 {},
  volume = 	 {2},
  OPTnumber = 	 {},
  OPTseries = 	 {},
  address = 	 {Linacre House, Jordan Hill, Oxford 0X2 8DP, UK},
  edition = 	 {5th},
  OPTmonth = 	 {},
  OPTnote = 	 {},
  OPTannote = 	 {}
}

@Book{zntc,
  author = 	 {O. C. Zienkiewicz and R. L. Taylor},
  ALTeditor = 	 {},
  title = 	 {The Finite Element Method: Fluid Dynamics},
  publisher = 	 {Butterworth-Heinemann},
  year = 	 {2000},
  OPTkey = 	 {},
  volume = 	 {3},
  OPTnumber = 	 {},
  OPTseries = 	 {},
  address = 	 {Linacre House, Jordan Hill, Oxford 0X2 8DP, UK},
  edition = 	 {5th},
  OPTmonth = 	 {},
  OPTnote = 	 {},
  OPTannote = 	 {}
}

