%  Fractal geometry  bibliography database

%% bibtexfile{
%% author	="David M. Doolin",
%% version 	="1.0",
%% year	="20 sept 94",
%% filename	="fractal.bib",
%% address	="utk",
%% email	="<doolin at cs.utk.edu>" }


@String{GSAB="Geological Society of America Bulletin"}
@String{IJRM="Int. J. Rock Mech. Min. Sci. \& Geomech. Abstr."}
@String{JGR="Journal Of Geophysical Research"}
@String{JSG="Journal Of Structural Geology"}
@String{BAEG="Bulletin of the Association of Engineering Geologists"}
@String{JSP="Journal of Sedimentary Petrology"}
@String{TIPM="Transport in Porous Media"}


@article{acuna:ja95,
author	={J. A. Acuna and Y. C. Yortsos},
title	={Application of Fractal Geometry to the Study
of Networks of Fractures and Their Pressure Transient},
journal={WRR},
volume	=31,
pages	={527-540},
year	=1995,
comment={Article claims to verify a given, 
previously derived, analytic prediction 
for ``pressure transient'' under the stated 
restrictions.  Uses fragmentation theory and
fractal geometry to construct a suntheitc fracture
network that is self similar over a range of scales.
The iterated function systen (IFS) approach is used along
with a set of probability rules to generate 2-D 
fracture networks.  Fracture apertures held 
constant (severe limitation!).  Numerical model:
single well producing at a constant rate, 
zero flux boundaries (!?), $g$ denotes 
conductivity (similar to Harris).  Paper is probably derived from 
Acuna's PhD work at UCLA.

There is an interesting result listed, which I quote:
``It is well known that in a random walk the 
probability $p(r,t)dr$ of finding the walker at time $t$ 
at a distance from the origin located between 
$r$ and $r + dr$ is governed by the diffusion 
equation.''},
}

@article{adler:pm87,
author	={P. M. Adler and C. G. Jacquin},
title	={Fractal Porous Media I: Longitudinal Stokes Flow
in Random Carpets},
journal=TIPM,
volume	=2,
pages	={553--569},
year	=1987,
}

@article{adler:pm88,
author	={P. M. Adler},
title	={Fractal Porous Media III: Transversal Stokes Flow Through 
Random and Sierpinski Carpets},
journal=TIPM,
volume	=3,
pages	={185--198},
year	=1988,
}

@article{aviles87,
author	={C. A. Aviles and C. H. Scholz},
title	={Fractal Analysis Applied to Characteristic Segments of 
the San Andreas Fault},
journal=JGR,
volume	=92,
pages	={331--344},
year	=1987,
}

@inproceedings{botz:mm93,
author ={M. M. Botz and S. P. K. Sternberg and R. A. Greenkorn},
title  ={A Multifractal Analysis of Dispersion During Miscible 
Flow in Porous Media},
booktitle = {Flow in Porous Media},
organization = {Proceedings of the Oberwolfach Conference, 1992},
month  = {June},
editor = {J. Douglas {Jr.} and U. Hornung},
year = {1992},
pages = {15--23},
}

@article{brown92,
author	={S. R. Brown},
title	={Measuring the Dimension of Self--Affine Fractals:
The Example of Rough Surfaces},
journal={preprint---GSA Special Paper on "Fractals and Their Use in 
teh Earth Sciences"},
volume	={},
pages	={1--8},
year	=1992,
}

@article{doughty94,
author	={C. Doughty and J. Long and K. Hestir and S. M. Benson},
title	={Hydrologic Inversion of Heterogeneous Geologic Media
with an Inverse Method Based on Iterated Function Systems},
journal={Water Resources Research},
volume	=30,
pages	={1721--1745},
year	=1994,
}

@article{ghosh:a93,
author	={A. Ghosh and J. K. Daemen},
title	={Fractal Characteristics of Rock Discontinuities},
journal={Engineering Geology},
volume	=34,
pages	={1--9},
year	=1993,
}

@article{hatton:cg93,
author	={C. G. Hatton and I. G. Main and P. G. Meredith},
title	={A Comparison of Seismic and Structural Measurements
of Scaling Exponents During Tensile Subcritical Crack Growth},
journal=JSG,
volume	=15,
pages	={1485--1495},
year	=1993,
}


@article{hirata:t87,
author	={T. Hirata},
title	={Omori's Power Law Aftershock Sequences of Microfracturing
in Rock Fracture Experiment},
journal=JGR,
volume	=92,
pages	={6215--6221},
year	=1987,
}

@article{hurst:he1957,
author	={H. E. Hurst},
title	={A Suggested Statistical Model of some Time Series
which occur in Nature},
journal={Nature},
volume	=180,
pages	={494},
year	=1957,
}

@article{hutchison:je1981,
author	={J. E. Hutchison},
title	={Fractals and Self Similarity},
journal={Indiana University Mathematics Journal},
volume	=30,
pages	={713--747},
year	=1981,
}

@article{jacquin:cg87,
author	={C. G. Jacquin and P. M. Adler},
title	={Fractal Porous Media II: Geometry of 
Porous Geological Structures},
journal=TIPM,
volume	=2,
pages	={571--596},
year	=1987,
}

@article{kennedy:sk92,
author	={S. K. Kennedy and W-H. Lin},
title	={A Comparison of Fourier and Fractal Techniques in the
Analysis of Closed Forms},
journal=JSP,
volume	=62,
pages	={842--848},
year	=1992,
}

@inproceedings{kranz94,
author	={R. L. Kranz},
title	={Fractal Point Patterns and Fractal Fracture Traces},
booktitle = {Proceedings of the 1st North American 
Rock Mechanics Symposium},
month  = {June},
editor = {P. P. Nelson and S. E. Laubach},
year = {1994},
pages = {793--800},
}

@article{krohn:c88,
author	={C. Krohn},
title	={Fractal Measurements of Sandstones, Shales, and Carbonates},
journal=JGR,
volume	=93,
pages	={3297--3305},
year	=1988,
}

@article{lemaitre:r90,
title={Fractal Porous Media IV: Three-Dimensional Stokes Flow 
Through Random Media and Regular Fractals},
author	={R. Lemaitre and P. M. Adler},
journal=TIPM,
volume	=5,
pages	={325--340},
year	=1990,
}

@article{mandelbrot:bb69a,
author	={B. B. Mandelbrot and J. R. Wallis},
title	={Robustness of the rescaled Range R\/S in the
Measurement of Noncyclic Long Run Statistical Dependence},
journal=WRR,
volume	=5,
pages	={967-988},
year	=1969,
}


@article{mandelbrot:bb69b,
author	={B. B. Mandelbrot and J. R. Wallis},
title	={Some Long Run Properties of Geophysical Records},
journal=WRR,
volume	=5,
pages	={321-340},
year	=1969,
}

@article{molz:fj1995,
author	={F. J. Molz and G. K. Boman},
title	={Further evidence of fractal structure in
hydraulic conductivity distributions},
journal={Geophysical Research Letters},
volume	=22,
pages	={2545-2548},
year	=1995,
}


@inproceedings{muralha:j90,
author={J. Muralha and J. G. Charrua--Gra\c{c}a},
title={An Experience on the Application of Fractal Theory to Basic 
Shear Strength Studies},
booktitle={Rock Joints},
editor={N. Barton and O. Stephansson},
pages={413--422},
year=1990,
}

@article{ohara:k1994,
author	={K. O'Hara},
title	={Fluid--Rock Interaction in Crustal Shear Zones: A Directed
Percolation Approach},
journal={Geology},
volume	=22,
pages	={843--846},
year	=1994,
}

@article{outer:ad95,
author	={A. D. Outer and J. F. Kaashoek and H. R. G. K. Hack},
title	={Difficulties with Using Continuous Fractal Theory
for Discontinuity Surfaces},
journal=IJRM,
volume	=32,
pages	={3--9},
year	=1995,
}

@article{pan94,
author	={J. Z. Pan and Z. X. Lu},
title	={Fractal Dimension of Soil Strengths for Paddy 
Fields in China},
journal={Journal of Terramechanics},
volume	=31,
pages	={1--9},
year	=1994,
}

@article{phillips92a,
author	={J. D. Phillips},
title	={Nonlinear Dynamical Systems in Geomorphology:
Revolution or Evolution?},
journal={Geomorphology},
volume	=5,
pages	={219--229},
year	=1992,
}

@article{phillips92b,
author	={J. D. Phillips},
title	={The End of Equilibrium},
journal={Geomorphology},
volume	=5,
pages	={195--201},
year	=1992,
}

@article{power:wl91,
author	={W. L. Power and T. E. Tullis},
title	={Euclidean and Fractal Models for the 
Description  of Rock Surface Roughness},
journal={JGR},
volume	={96B1},
pages	={415-424},
year	=1991,
}

@article{sen92,
author	={Z. Sen},
title	={Fractal Characteristics fo Rock Quality Charts},
journal=BAEG,
volume	=29,
pages	={77--85},
year	=1992,
}

@article{snow92,
author	={R. S. Snow},
title	={The Cantor Dust Model for Discontinuity in Geomorphic
Process Rates},
journal={Geomorphology},
volume	=5,
pages	={185--194},
year	=1992,
}

@article{termonia86,
author	={Y. Termonia and P. Meakin},
title	={Formation of Fractal Cracks in a Kinetic Fracture Model},
journal={Nature},
volume	=320,
pages	={429--431},
year	=1986,
}

@article{velde90,
author	={B. Velde and J. Dubois and G. Touchard and A. Badri},
title	={Fractal Analysis of Fractures in Rocks: the 
Cantor's Dust Method},
journal={Tectonophysics},
volume	=179,
pages	={345--352},
year	=1990,
}

@article{velde93,
author	={B. Velde and D. Moore and A. Badri and B. Ledesert},
title	={Fractal and Length Analysis of Fractures During 
Brittle to Ductile Changes},
journal=JGR,
volume	=98,
pages	={11,935--11940},
year	=1993,
}


@article{walsh93,
author	={J. J. Walsh and J. Watterson},
title	={Fractal Analysis of Fracture Patterns Using the 
Standard Box--counting Technique: Valid and Invalid Methodologies},
journal={JSG},
volume	=15,
pages	={1509--1502},
year	=1993,
}

@article{williams:jk86,
author	={J. K. Williams and R. A. Dawe},
title	={Fractals---An Overview of Potential Applications
to Transport in Porous Media},
journal=TIPM,
volume	=1,
pages	={201--209},
year	=1986,
}

@article{wu93,
author	={S. Wu},
title	={Fractal Strain Distribution and Implications
for Cross--section Balancing},
journal={JSG},
volume	=15,
pages	={1497--1507},
year	=1993,
}
