%  DDA bibliography database

%% bibtexfile{
%% author	="David M. Doolin",
%% version 	="1.0",
%% email	="doolin at cs.utk.edu" }
%% $Author: doolin $
%% $Source: /home/users/doolin/cvsroot/tex/bibs/friction.bib,v $
%% $Date: 2002/10/28 18:02:59 $
%% $Revision: 1.3 $



@String{GSAB={Geological Society of America Bulletin}}
@String{IJRM={Int. J. Rock Mech. Min. Sci. \& Geomech. Abstr.}}
@String{JGR="Journal Of Geophysical Research"}
@String{IJMGE="International Journal Of Mining and Engineering"}
@String{BAEG="Bulletin of the Association of Engineering Geologists"}
@String{WRR="Water Resources Research"}
@String{GW="Ground Water"}
@String{JSG="Journal of Structural Geology"}
@String{ZAMP="Zeitschrift f{\"u}r angewandte Mathematik und Physik ZAMP"}

@article{dieterich:jh1979a,
author	={J. H. Dieterich},
title	={Modeling of Rock Friction 1. Experimental Results and Constitutive 
Equations},
journal={Journal of Geophysical Research},
volume	={84, {B}5},
pages	={2161-2168},
year	=1979,
}

@article{dieterich:jh1979a,
author	={J. H. Dieterich},
title	={Modeling of Rock Friction 2. Simulation of Preseismic Slip},
journal={Journal of Geophysical Research},
volume	={84, {B}5},
pages	={2169-2175},
year	=1979,
}

@article{dieterich:jh1994,
author	={J. H. Dieterich and B. D. Kilgore},
title	={Direct Observation of Frictional Contacts: New Insights
for State-Dependent Properties},
journal={PAGEOPH}
volume	=143,
pages	={283-302},
year	=1994,
}


@article{dieterich:jh1996,
author	={J. H. Dieterich and B. D. Kilgore},
title	={Imaging surface contacts: power law contact distributions and
contact stresses in quartz, calcite, glass and acrylic plastic},
journal={Tectonophysics},
volume	=256,
pages	={219-239},
year	=1996,
}




