%  General bibliography database

%% bibtexfile{
%% author	=David M. Doolin
%% filename	="general.bib"
%% address	="Cal Berkeley"
%% email	="doolin at cs.utk.edu"
%% $Author: doolin $
%% $Source: /home/users/doolin/cvsroot/tex/bibs/general.bib,v $ 
%% $Date: 2002/10/28 18:02:59 $
%% $Revision: 1.3 $


@book{hodges:jc90,
author	={J. C. Hodges and M. E. Whitten and W. B. Horner and S.
S. Webb and R. K. Miller},
title	= {Harbrace {C}ollege {H}andbook},
edition={11th},
publisher={Harcourt Brace Jovanovich College Publishers},
address={New York},
year	=1990,
}

@book{harbrace,
author	={J. C. Hodges and M. E. Whitten and W. B. Horner and S.
S. Webb and R. K. Miller},
title	= {Harbrace {C}ollege {H}andbook},
edition={11th},
publisher={Harcourt Brace Jovanovich College Publishers},
address={New York},
year	=1990,
}
