%  General geology bibliography database

%% bibtexfile{
%% author	=David M. Doolin
%% version 	="1.0"
%% year		="20 sept 94"
%% filename	="geo.bib"
%% address	="utk"
%% email	="doolin at cs.utk.edu"
%% $Author: doolin $
%% $Source: /home/users/doolin/cvsroot/tex/bibs/geo.bib,v $ 
%% $Date: 2002/10/28 18:03:00 $
%% $Revision: 1.6 $




@String{GSAB={Geological Society of America Bulletin}}
@String{IJRM={Int. J. Rock Mech. Min. Sci. \& Geomech. Abstr.}}
@String{JGR="Journal Of Geophysical Research"}
@String{IJMGE="International Journal Of Mining and Engineering"}
@String{BAEG="Bulletin of the Association of Engineering Geologists"}
@String{WRR="Water Resources Research"}
@String{GW="Ground Water"}
@String{JSG="Journal of Structural Geology"}
@String{JSP="Journal of Sedimentary Petrology"}
@String{BAEG="Bulletin of the Association of Engineering Geologists"}



% This needs to go into some sort of miscellaneous bibliography
% data file.  It was for a class report.


@article{dean:j95,
author = {J. Dean},
title = {Plans for waterfront condominiums announced},
journal ={Knoxville News-Sentinel},
pages={{B}2},
year ={August 25, 1995},
}
 

@book{ager:d93,
author	={D. Ager},
title	= {The New Catastrophism---the importance of the rare
event in geological history},
publisher={Cambridge University Press},
address={Cambridge},
year	=1993,
}


@article{billings:mp37,
author	={M. P. Billings and R. P. Sharp},
title	={Petrofabric study of a fossiliferous
schist, {M}t. {C}lough, {N}ew {H}ampshire},
journal={American Journal of Science},
volume	=34,
pages	={277-292},
year	=1937,
}

@book{blatt:h80,
author	={H. Blatt and G. Middleton and R. Murray},
title	= {Origin of Sedimentary Rocks},
edition={},
publisher={Prentice-Hall, Inc.},
address={Englewood Cliffs, NJ},
year	=1980,
}


@book{boggs:s87,
author	={S. Boggs},
title	= {Principles of Sedimentology and Stratigraphy},
edition={},
publisher={Macmillan Publishing Company},
address={New York},
year	=1987,
}


@article{brown:sr94a,
author	={S. R. Brown},
title	={Frictional Heating on Faults: Stable Sliding Versus Stick-slip},
journal={preprint},
volume	={???},
pages	={???},
year	=1994,
}

@article{brown:sr94b,
author	={S. R. Brown},
title	={Simple Mathematical Model of a Rough Fracture},
journal={preprint},
volume	={???},
pages	={???},
year	=1994,
}

@article{brown:sr94c,
author	={S. R. Brown and R. L. Bruhn},
title	={Formation of Voids and Veins During Faulting},
journal={preprint},
volume	={???},
pages	={???},
year	=1994,
}

@article{byerly:dw96,
author	={D. W. Byerly},
title	={Handling Acid-Producing Material During Construction},
journal=BAEG,
volume	=2,
pages	={49--57},
year	=1996,
comment={Good practical paper on handling acid drainage (AD)
producing materials such as pyritic shales during 
road construction.},
}

@article{byerly:dw86,
author	={D. W. Byerly and  K. R. Walker and W. W. Diehl and 
M. Ghazizadeh and R. E. Johnson and C. T. Lutz and 
A. K. Schoner and W. A> Simmons and J. C. B. Simonson and 
L. J. Weber and J. E. Wedekind},
title	={Thorn Hill: A classic Paleozoic stratigraphic Section in 
Tennessee},
journal={Geological Society of America Centennial Field Guide},
volume	={},
pages	={131-136},
year	=1986,
}

@inproceedings{cole:wf92,
author ={W. F. Cole and T. M. Sayre and W. R. Cotton},
title  ={The {J}ahnsian Steps to Geologic Safety: The  
Engineering Geology Approach},
booktitle = {Proceeding of the 35th annual meeting 
of the Association of Engineering Geologists.},
organization = {Association of Engineering Geologists},
editor = {},
year = {1992},
pages = {423--428},
}

@book{dietrich:rv79,
author	={R. V. Dietrich and B. J. Skinner},
title	= {Rocks and Rock Minerals},
edition={},
publisher={John Wiley \& Sons},
address={New York},
year	=1979,
}


@article{dunne88,
author	={W. M. Dunne and D. A. Ferril},
title	={Blind Thrust Systems},
journal={Geology},
volume	=16,
pages	={33--36},
year	=1988,
}

@article{durrell:rh77,
author	={R. H. Durrell},
title	={A Recycled Landscape}, 
journal={Quarterly of the Cincinnati Musuem of Natural
History},
volume	=14,
pages	={1--9},
year	=1977,
}

@article{ferrill89,
author	={D. A. Ferril and W. M. Dunne},
title	={Cover Deformation Above a Blind Duplex:
an Example from West Virginia},
journal={Journal of Structural Geology},
volume	=11,
pages	={421--431},
year	=1989,
}

@article{hatheway:aw96,
author	={A. W. Hatheway},
title	={``Karstic'' may not be Karst; When is
it ``Safe'' for a Landfill},
journal={Association of Engineering Geologists News},
volume	=39,
pages	={29-32},
year	=1996,
}

@article{hatheway:aw1994,
author	={A. W. Hatheway},
title	={Computer Modeling, Part 1: Accept its use
and value with reasoned sKepticism},
journal={AEG News},
volume	=37,
pages	={31-34},
year	=1994,
}



@inbook{hobbs:be1993,
author ={B. E. Hobbs},
title	={The Significance of Structural 
Geology in Rock Mechanics},
booktitle={Comprehensive Rock Engineering, Volume 1},
editor={J. A. Hudson and E. T. Brown},
publisher={Pergamon Press},
address={Oxford},
pages	={25-62},
year	={1993},
}



@book{johnson:rb88,
author	={R. B. Johnson and J. V. De{G}raff},
title	= {Principles of Engineering Geology},
publisher={John Wiley \& Sons},
address={New York},
year	=1988,
}



@article{kaesler:rl72,
author	={R. L. Kaesler and  J. A. Waters},
title	={Fourier Analysis of the Ostracod Margin},
journal=GSAB,
volume	=83,
pages	={1169--1178},
year	=1972,
}

@article{keaton:jr84,
author	={J. R. Keaton},
title	={{G}enesis-{L}ithology-{Q}ualifier ({GLQ}) system
of Engineering Geology Mapping Symbols},
journal=BAEG,
volume	=21,
pages	={355--364},
year	=1984,
}


@book{klein:c93,
author	={C. Klein and C. Hurlbut},
title	= {Manual of Mineralogy},
edition={21st},
publisher={John Wiley \& Sons},
address={New York},
year	=1993,
}


@article{kulander86,
author	={B. R. Kulander and S. L. Dean},
title	={Structure and Tectonics of Central and Appalachian
Valley and Ridge and Plateau Provinces, West Virginia and 
Virginia},
journal={The American Association of Petroleum Geologists Bulletin},
volume	=70,
pages	={1674--1684},
year	=1986,
}

@article{laporte:lf71,
author	={L. F. LaPorte},
title	={Paleozoic Carbonate Facies of the Central Appalachians},
journal=JSP,
volume	=41,
pages	={724--740},
year	=1971,
}







@article{markello:jr81,
author	={J. R. Markello and J. F. Read},
title	={Carbonate ramp-to-deeper shale shelf formation of an 
upper {C}ambrian intrashelf basin, {N}olichucky {F}ormation, 
southwest {V}irginia {A}ppalachians},
journal={Sedimentology},
volume	=28,
pages	={573-597},
year	=1981,
}

@article{maxwell:jc64,
author	={J. C. Maxwell},
title	={Influence of Depth, Temperature, and Geologic age on Porosity
of Quartzose Sandatone},
journal={The Bulletin of the American Association of Petroleum Geologists},
volume	=48,
pages	={697--709},
year	=1964,
}

@mastersthesis{mcbrayer:mc95,
title={Clay Barriers: Laboratory Study of Hydraulic Defects
and Preferential Flow Paths},
author={M. C. McBrayer},
school={University of Tennessee},
address={Knoxville, Tennessee},
year=1995,
}

@inproceedings{moore:h86,
author ={H. Moore},
title  ={The Construction of a Shot-in-place Rock 
Buttress for Landslide Stabilization},
booktitle = {Proceedings of the 37th annual Highway Geology
Symposium},
organization = {},
month  = {August},
editor = {},
year = {1986},
pages = {},
}

@article{raup:dm75,
author	={D. M. Raup},
title	={Taxonomic Diversity Estimation Using Rarefaction},
journal={Paleobiology},
volume	=1,
pages	={333--342},
year	=1975,
}


@article{read:jf86,
author	={J. F. Read and J. P. Grotzinger and J. A. Bova and
W. F. Koerschner},
title	={Models for Generation of Carbonate Cycles},
journal={Geology},
volume	=14,
pages	={107-110},
year	=1986,
}

@article{royster:dl79,
author	={D. L. Royster},
title	={Landslide Remedial Measures},
journal=BAEG,
volume	=16,
pages	={301--352},
year	=1979,
}

 
@inbook{seaber:pr88,
author ={P. R. Seaber and J. V. Brahana and E. F. Hollyday},
title	={Region 20, Appalachian Plateaus and Valley and Ridge},
booktitle={The Geology of North America, Vol. O-2, Hydrogeology},
publisher={The Geological Society of America},
address={Boulder, Colorado},
pages	={189--200},
year	={1988},
}

@article{secor:dt,
author	={D. T. Secor},
title	={Mechanics of Natural Extension Fracturing at 
Depth in the Earth's Crust},
journal={???},
volume	=12345,
pages	={3--48},
year	=?,
}

@techreport{schlocker:j74,
author = {J. Schlocker},
title = {Geology of the {S}an {F}rancisco {N}orth 
{Q}uadrangle, {C}alifornia},
institution ={United States Geological Survey},
type = {Geological {S}urvey {P}rofessional {P}aper 782},
address = {Reston, VA},
year =1974,
}
 
@book{schultz:jr55,
author	={J. R. Schultz and A. B. Cleaves},
title	= {Geology in Engineering},
edition={},
publisher={John Wiley \& Sons, Inc},
address={New York},
year	=1955,
}


@techreport{sme:96,
author = {B. Hatcher},
title = {Test Boring Record {B}-8},
institution ={S\&ME Environmental Services},
type = {Site boring logs},
year =1996,
}
 
@article{sowers:gf94,
author	={G. F. Sowers},
title	={Geotechnical Issues in Site Selection 
and Project Development},
journal={BAEG},
volume	=31,
pages	={209--216},
year	=1994,
}

@incollection{spieker:am61,
author	={A. M. Spieker},
title	={A Guide to the Hydrogeology of the Mill Creek
and Miami River Valleys, Ohio},
booktitle={Guidebook for Field Trips, Cincinnati Meeting, 1961},
publisher={The Geological Society of America},
address={Boulder, Colorado},
pages	={217--236},
year	=1961,
}

@incollection{stephenson:da,
author	={D. A. Stephenson and A. H. Fleming and D. M. Mickelson},
title	={Glacial Deposits},
booktitle={The Geology of North America, Vol. O-2, Hydrology},
editor	={W. Back and J. S. Rosenshein and P. R. Seaber},
publisher={The Geological Society of America},
address={Boulder, Colorado},
pages	={301--313},
year	=1988,
}

@article{terstepanian:g96,
author	={G. Ter-Stepanian},
title	={Advantages and Possibilities of Treatment of Ill Slopes},
journal=BAEG,
volume	=2,
pages	={116--123},
year	=1996,
}

@article{taylor:weg69,
author	={W. E. G. Taylor},
title	={The Structural Geology of the Dalradian Rocks
of {S}lieve {G}amph, {C}os. Mayo and {S}ligo, {W}estern {I}reland},
journal={Sonderdruck aus der Geologischen Rundshau},
volume	=58,
pages	={564-587},
year	=1969,
}

@techreport{treasher:rc63,
author = {R. C. Treasher},
title = {Geology of sedimentary deposits in {S}an 
{F}rancisco {B}ay},
institution ={California Divisions of Mines and Geology},
type = {Special Report 82},
address = {},
year =1963,
}
 
@article{wanless:hr79,
author	={H. R. Wanless},
title	={Limestone Response to Stress: Pressure Solution and Dolomitization},
journal=JSP,
volume	=49,
pages	={437--462},
year	=1979,
comment={Discussion on stylolites},
}


@article{weiss:le80,
author	={L. E. Weiss},
title	={Nucleation and Growth of Kink Bands},
journal={Tectonophysics},
volume	=65,
pages	={1--38},
year	=1980,
}

