%  DDA bibliography database

%% bibtexfile{
%% author	="David M. Doolin",
%% $Author: doolin $
%% $Source: /home/users/doolin/cvsroot/tex/bibs/gis.bib,v $
%% $Date: 2002/10/28 18:03:00 $
%% $Revision: 1.2 $



@String{GSAB={Geological Society of America Bulletin}}
@String{IJRM={Int. J. Rock Mech. Min. Sci. \& Geomech. Abstr.}}
@String{JGR="Journal Of Geophysical Research"}
@String{IJMGE="International Journal Of Mining and Engineering"}
@String{BAEG="Bulletin of the Association of Engineering Geologists"}
@String{WRR="Water Resources Research"}
@String{GW="Ground Water"}
@String{JSG="Journal of Structural Geology"}



 
@InProceedings{rose:bt2001a,
  author = 	 {B. T. Rose and A. {La Rosa} and M. Mauldon
and B.Ralston and E. C.Drumm},
  title = 	 {{GIS} Landslide Inventory Along
        Tennessee Highways},
  booktitle = 	 {Proceedings of 80th Annual Meeting of
        Transportation Research Board; Paper No. 01-0236},
  OPTcrossref =  {},
  OPTkey = 	 {},
  OPTpages = 	 {},
  year = 	 {2001},
  OPTeditor = 	 {},
  OPTvolume = 	 {},
  OPTnumber = 	 {},
  OPTseries = 	 {},
  OPTaddress = 	 {},
  month = 	 {January 7-11},
  OPTorganization = {},
  OPTpublisher = {},
  OPTnote = 	 {},
  OPTannote = 	 {Provided by Mauldon, don't have a local copy.}
}


@InProceedings{rose:bt2001b,
  author = 	 {B. T. Rose and M. Mauldon and A. {La Rosa}
and B. Ralston and E. C. Drumm},
  title = 	 {Using a {W}eb-Based {GIS}
        to Manage Landslide Information},
  booktitle = 	 {Southeastern
        Transportation Geotechnical Engineering Conference
        (STGEC)},
  OPTcrossref =  {},
  OPTkey = 	 {},
  OPTpages = 	 {},
  year = 	 {2001},
  OPTeditor = 	 {},
  OPTvolume = 	 {},
  OPTnumber = 	 {},
  OPTseries = 	 {},
  address = 	 {Roanoke VA},
  month = 	 {October},
  OPTorganization = {},
  OPTpublisher = {},
  OPTnote = 	 {},
  OPTannote = 	 {Provided by Mauldon, don't have a local copy.}
}

