@book{meyer:j97,
author ={J. Meyer and T. Downing},
title  = {Java Virtual Machine},
edition={},
publisher={O'Reilly \& Associates},
address={Sebastopol, CA},
year   =1997,
}

@book{malvern:le69,
author ={L. E. Malvern},
title  = {{I}ntroduction to the {M}echanics of a {C}ontinuous {M}edium},
edition={},
publisher={Prentice-Hall},
address={Englewood Cliffs, New Jersey},
year   =1969,
}

@article{long:jcs82,
author ={J. C. S. Long and J. S. Remer and C. R. Wilson
and P. A. Witherspoon},
title  ={{P}orous {M}edia {E}quivalents for {N}etworks of {D}iscontinuous
Fractures},
journal="WRR",
volume =18,
pages  ={645--658},
year   =1982,
comment={Long investigates the possibility of modelling fluid
flow through a 2-D Baecher fracture network.
List objective, assumptions and results of this paper.},
}



@book{levine:jr92,
author ={J. R. Levine},
title  = {lex \& yacc},
edition={2d},
publisher={O'Reilly and associates},
address={Cambridge, MA},
year   =1992,
}



@book{lindholm:t97,
author ={T. Lindholm and F. Yellin},
title  = {{T}he {J}ava {V}irtual {M}achine {S}pecification},
edition={},
publisher={Addison-Wesley},
address={Berkeley, CA},
year   =1997,
}


@MISC{minpack,
 AUTHOR = {Mor\'e, J. and Garbow, B. and Hillstrom, K.},
 TITLE = {{M}inpack : {D}ocumentation file accessible at:~\\
         "http://www.netlib.org/minpack/readme"}
}

@article{qmr,
author= {R.W. Freund and N.M. Nachtigal},
title= {{QMR}: {A} quasi-minimal residual method for
        non-{H}ermitian linear systems},
journal= {Numer. Math.},
volume={60},
year={1991},
pages={315--339}
}


@MISC{fftpack,
 AUTHOR = {Swarztrauber, P.},
 TITLE = {{F}ft{P}ack : {D}ocumentation file accessible at:~\\
         "ftp://ftp.ucar.edu/ftp/dsl/lib/fftpack/README"}
}

@ARTICLE{nhse,
 AUTHOR  = "Browne,S. and Dongarra,J. and Green, S. and
            Moore, K. and Rowan, T. and Wade, R. and
            Fox, G. and Hawick, K. and Kennedy, K. and Pool, J.
            and Stevens, R. and Olson, R. and Disz, T.",
 TITLE   = "{T}he {N}ational {HPCC} {S}oftware {E}xchange",
 JOURNAL = "IEEE Computational Science and Engineering",
 VOLUME  = 2,
 NUMBER  = 2,
 YEAR    = 1995,
 MONTH   = "Summer",
 PAGES   = "62--69"
}

@TECHREPORT{neos,
 TITLE = {NEOS : The {N}etwork-{E}nabled {O}ptimization {S}ystem},
 AUTHOR = {Czyzyk, J. and Mesnier, M. and Mor\'e, J.},
 INSTITUTION = {Mathematics and Computer Science Division,
                Argonne National Laboratory},
 YEAR = {1996},
 NUMBER = {MCS-P615-1096}
}

@TECHREPORT{legion,
 TITLE = {{A} {S}ynopsis of the {L}egion {P}roject},
 AUTHOR = {Grimshaw, A. and  Wulf, W. and  French, J. and
           Weaver, A. and  Reynolds, P. Jr.},
 INSTITUTION = {Department of Computer Science, University of Virginia},
 YEAR = {1994},
 NUMBER = {CS-94-20}
}

@INPROCEEDINGS{theiway,
 AUTHOR = {Foster,I. and  Geisler, J. and  Nickless, W. and
           Smith, W.  and Tuecke, S.},
 TITLE = {{S}oftware infrastructure for the {I-WAY}
          high-performance distributed computing},
 YEAR = {1996},
 BOOKTITLE={5th IEEE Symp. on High Performance Distributed Computing}
}

@INPROCEEDINGS{globus,
 AUTHOR= {Foster, I. and Kesselman, K},
 TITLE = {{G}lobus: {A} {M}etacomputing {I}nfrastructure {T}oolkit},
 YEAR =  {to appear},
 BOOKTITLE = {Proc. Workshop on Environments and Tools},
 ORGANIZATION = {SIAM}
}

@TECHREPORT{netsolveug,
 AUTHOR = {Casanova, H. and Dongarra, J. and Seymour, K.},
 TITLE = {{C}lient {U}ser's {G}uide to {N}etSolve},
 INSTITUTION = {Department of Computer Science, University of Tennessee},
 YEAR = {1996},
 NUMBER = {CS-96-343}
}

@ARTICLE{netlib,
 AUTHOR = {Browne, S. and Dongarra, J. and Grosse, E. and
           Rowan, T.},
 TITLE = {{T}he {N}etlib {M}athematical {S}oftware {R}epository},
 JOURNAL = {D-Lib Magazine},
 YEAR = {1995},
 MONTH = {sep},
 NOTE = {Accessible at http://www.dlib.org/}
}

@INPROCEEDINGS{rcs,
 AUTHOR = {Arbenz, P. and  Gander, W. and  Oettli, M.},
 TITLE = {{T}he {R}emote {C}omputational {S}ystem},
 BOOKTITLE = {Lecture Note in Computer Science,
              High-Performance Computation and Network},
 YEAR = {1996},
 VOLUME = {1067},
 PAGES = {662--667}
}

@ARTICLE{blas1,
 AUTHOR = {Lawson, C. and  Hanson, R. and Kincaid, D.  and Krogh, F.},
 TITLE = {{B}asic {L}inear {A}lgebra {S}ubprograms for {F}ortran {U}sage},
 JOURNAL = {ACM Transactions on Mathematical Software},
 YEAR =	{1979},
 VOLUME = {5},
 PAGES = {308--325}
}

@ARTICLE{blas2,
 AUTHOR = {Dongarra, J. and Du Croz, J. and Hammarling, S and  Hanson, R.},
 TITLE = {{A}n {E}xtended {S}et of {F}ortran {B}asic {L}inear {A}lgebra {S}ubprograms},
 JOURNAL = {ACM Transactions on Mathematical Software},
 YEAR = {1988},
 VOLUME = {14},
 NUMBER = {1},
 PAGES = {1--32}
}

@ARTICLE{blas3,
 AUTHOR =  {Dongarra, J. and  Du Croz, J. and  Duff, I. and  Hammarling, S.},
 TITLE = {{A} {S}et of {L}evel 3 {B}asic {L}inear {A}lgebra {S}ubprograms},
 JOURNAL = {ACM Transactions on Mathematical Software},
 YEAR =	{1990},
 VOLUME = {16},
 NUMBER = {1},
 PAGES = {1--17}
}

@ARTICLE{fitpack,
 AUTHOR = {Cline, A.},
 TITLE = {{S}calar- and {P}lanar-{V}alued {C}urve {F}itting {U}sing {S}plines {U}nder {T}ension},
 JOURNAL = {Communications of the ACM},
 YEAR = {1974},
 VOLUME = {17},
 PAGES = {218--220}
}


LAPACK

@BOOK{lapack,
 AUTHOR = {Anderson, E. and Bai, Z. and Bischof, C. and Demmel, J.
           and Dongarra, J. and Du Croz, J. and Greenbaum, A. and
           Hammarling, S. and McKenney, A. and Ostrouchov, S. and
           Sorensen, D.},
 TITLE = {{LAPACK} {U}sers' {G}uide, {S}econd {E}dition},
 PUBLISHER = {SIAM},
 YEAR = {1995},
 ADDRESS = {Philadelphia, PA}
}

MATHEMATICA

@BOOK{mathematica,
 AUTHOR = {S. Wolfram},
 TITLE = {{T}he {M}athematica {B}ook, {T}hird {E}dition},
 PUBLISHER = {Wolfram Median, Inc. and Cambridge University Press},
 YEAR = {1996}
}


MATLAB

@BOOK{matlab,
 AUTHOR = {The Math Works, Inc.},
 TITLE = {{MATLAB} {R}eference {G}uide},
 PUBLISHER = {},
 YEAR = {1992}
}  

@TECHREPORT{xdr,
 AUTHOR = {Sun Microsystems, Inc.},
 TITLE = {{XDR}: {E}xternal {D}ata {R}epresentation {S}tandard},
 INSTITUTION = {Sun Microsystems, Inc.},
 YEAR = {1987},
 TYPE = {RFC},
 NUMBER = {1014},
 MONTH = {jun},
}


@TECHREPORT{itpack,
 TITLE = {{I}tpack2c: a {FORTRAN} package for solving large sparse linear
          systems by adaptive accelerated iterative methods},
 AUTHOR = {Young, D. and  Kincaid, D. and  Respess, J. and Grimes, R.},
 INSTITUTION = {University of Texas at Austin, Boeing Computer Services Company},
 YEAR = {1996}
}


@BOOK{linpack,
 AUTHOR = {Dongarra, J. and  Bunch, J. R. and
           Moler, C. B.  and Stewart, G. W.},
 TITLE = {{LINPACK} {U}sers' {G}uide},
 PUBLISHER = {SIAM Press},
 YEAR = {1979}
}


@INPROCEEDINGS{ninf,
 AUTHOR = {Sekiguchi, S. and Sato, M. and Nakada, H. and
           Matsuoka, S. and Nagashima,U.},
 TITLE = {{N}inf~: {N}etwork based {I}nformation {L}ibrary
          for {G}lobally {H}igh {P}erformance {C}omputing},
 BOOKTITLE = {Proc. of Parallel Object-Oriented
              Methods and Applications (POOMA), Santa Fe},
 YEAR = {1996}
}

@INPROCEEDINGS{nhsenetsolve,
 AUTHOR = { Browne, S. and Casanova, H. and Dongarra, J.},
 TITLE = {{P}roviding {A}ccess to {H}igh {P}erformance {C}omputing
          {T}echnologies},
 BOOKTITLE = {Lecture Notes in Computer Science 1184},
 EDITOR = {Wasniewski, J. and Dongarra, J. and Madsen, K.
           and Olesen, D.},
 PUBLISHER = {Springer-Verlag},
 ADDRESS = {Berlin},
 ORGANIZATION = {Department of Computer Science,
                 University of Tennessee, Knoxville},
 YEAR = {1996},
 PAGES = {123--134}
}

@INPROCEEDINGS{netsolve,
 AUTHOR=   {Casanova, H and  Dongarra, J.},
 TITLE =   {{N}et{S}olve: {A} {N}etwork {S}erver for {S}olving
            {C}omputational {S}cience {P}roblems},
 YEAR =         {1996},
 BOOKTITLE =    {Proc. of Supercomputing'96, Pittsburgh },
 ORGANIZATION = {Department of Computer Science,
                University of Tennessee, Knoxville},
 NOTE={to appear in {\it The International Journal of Supercomputer Applications
and High Performance Computing}}
}

@INPROCEEDINGS{netsolvejava,
 AUTHOR=   {Casanova, H and  Dongarra, J.},
 TITLE =   {{T}he use of {J}ava in the {N}et{S}olve project
            {C}omputational {S}cience {P}roblems},
 YEAR =         {1997},
 BOOKTITLE =    {Proc. of the 15th IMACS World Congress on Scientific Computation, Modelling and Applied Mathematics, Berlin},
 ORGANIZATION = {Department of Computer Science,
                University of Tennessee, Knoxville},
}



@BOOK{mpi,
 TITLE = {{MPI}~: {T}he {C}omplete {R}eference},
 AUTHOR = {Snir, M. and Otto, S. and Huss-Lederman, S. and
            Walker, D. and Dongarra, J.},
 YEAR =  {1996},
 PUBLISHER = {The {MIT} Press Cambridge, Massachusetts},
}


@BOOK{pvm,
 AUTHOR = {Geist, A. and Beguelin, A. and  Dongarra,J. and
	  Jiang, W. and  Manchek, R. and Sunderam, V.},
 TITLE =  {{PVM}~: {P}arallel {V}irtual {M}achine. {A} {U}sers' {G}uide and
	{T}utorial for {N}etworked {P}arallel {C}omputing},
 PUBLISHER = {The {MIT} Press Cambridge, Massachusetts},
 YEAR =  {1994}
}

@ARTICLE{scalapack,
 AUTHOR = {Dongarra, J. and Walker, D.},
 TITLE = {{S}oftware {L}ibraries for {L}inear {A}lgebra {C}omputations
          on {H}igh {P}erformance {C}omputers},
 JOURNAL = {SIAM Review},
 YEAR =	{1995},
 VOLUME = {37},
 NUMBER = {2},
 PAGES = {151--180}
}

@BOOK{tktcl,
    AUTHOR = {John K. Ousterhout},
    TITLE = {{Tcl} and the {Tk} Toolkit},
    PUBLISHER = {Addison-Wesley},
    YEAR = {1994}
}

