%  General hydrology bibliography database

%% bibtexfile{
%% author	=David M. Doolin
%% version 	="1.0"
%% year		="18 feb 95"
%% filename	="hydro.bib"
%% address	="utk"
%% email	="doolin at cs.utk.edu"
%% $Author: doolin $



@String{GSAB={Geological Society of America Bulletin}}
@String{IJRM={Int. J. Rock Mech. Min. Sci. \& Geomech. Abstr.}}
@String{JGR="Journal Of Geophysical Research"}
@String{IJMGE="International Journal Of Mining and Engineering"}
@String{BAEG="Bulletin of the Association of Engineering Geologists"}
@String{WRR="Water Resources Research"}
@String{GW="Ground Water"}
@String{JSG="Journal of Structural Geology"}
@String{TIPM="Transport in Porous Media"}

@article{andersson:j86,
title	={Predicting Mass Transport in Discrete Fracture Networks
with the Aid of Geometrical Field Data},
author	={J. Andersson and R. Thunvik},
journal=WRR,
volume	=22,
pages	={1941--1950},
year	=1986,
}

@article{auriault:jl93,
author	={J.--L. Auriault and J. Lewandowska},
title	={Homogenization Analysis of Diffusion and Adsorption
Macrotransport in Porous Media: Macrotransport in the 
Absence of Advection},
journal={G{\'e}otechnique},
volume	=43,
pages	={457--469},
year	=1993,
}

@article{bear:j87,
author	={J.Bear and C. Braester and P. C. Menier},
title	={Effective and Relative Permeabilities of 
Anisotropic Porous Media},
journal={TIPM},
volume	=2,
pages	={301--316},
year	=1987,
}

@article{ben-zvi:m86,
author	={M. Ben-Zvi and Y. Bachmat},
title	={Location of an Interface Observation Well:
A Bayesian Approach},
journal=WRR,
volume	=22,
pages	={1503--1508},
year	=1986,
}

@article{bierkens:mfp94,
author	={M. F. P. Bierkens and H. J. T. Weerts},
title	={Block Hydraulic conductivity of cross-bedded fluvial 
sediments},
journal={Water Resources Research},
volume	=30,
pages	={2665-2678},
year	=1994,
}


@article{bredehoeft:jd69,
author	={J. D. Bredehoeft},
title	={Finite Difference Approximations to the 
Equations of Ground Water Flow},
journal={Water Resources Research},
volume	=1969,
pages	={531-534},
year	=1969,
}

@article{dagan:g82,
author	={G. Dagan},
title	={Stochastic Modeling of Groundwater Flow by 
Unconditional and Conditional Probabilities.\ \ 1.
Conditinal Simulation and the Direct Problem},
journal=WRR,
volume	=18,
pages	={813--833},
year	=1982,
}

@article{davis:sn64,
author	={S. N. Davis and L. J. Turk},
title	={Optimum Depth of Wells in Crystalline Rocks},
journal={GW},
volume	=2,
pages	={6--11},
year	=1964,
comments={The geology appears to be pretty good, but I do not 
completely understand the economic model.  Cited by Snow, 1969.},
}

@book{demarsily:g1986,
author	={G. de Marsily},
title	= {Quantitative Hydrogeology},
edition={},
publisher={Academic Press},
address={San Diego, CA},
year	=1986,
}



@article{dooge:jci86,
author	={J. C. I. Dooge},
title	={Looking for Hydrologic Laws},
journal=WRR,
volume	=22,
pages	={{46S--58S}},
year	=1986,
}

@article{freeze:ra66,
author	={R. A. Freeze and P. A. Witherspoon},
title	={Theoretical Analysis of Regional Groundwater
flow" 1. Analytical and Numerical Solutions to the 
Mathematical model},
journal={Water Resources Research},
volume	=2,
pages	={641-656},
year	=1966,
}

@article{guitjens:jc65,
author	={J. C. Guitjens and J. N. Luthin},
title	={Viscous Model Study of drain spacing on sloping
land and comparison with mathematical solution},
journal={Water Resources Research},
volume	=1,
pages	={523-530},
year	=1965,
}

@article{hantush:mm95,
author	={M. M. Hantush and M. A. Mari{\~n}o},
title	={Continuous Time Stochastic Analysis of
Groundwater Flow in Heterogeneous Aquifers},
journal={WRR},
volume	=31,
pages	={565-575},
year	=1995,
}

@article{hubbert:mk1956,
author	={M. K. Hubbert},
title	={Darcy's Law and the Field Equations of 
the Flow of Underground Fluids},
journal={AIME Petroleum Transactions},
volume	=207,
pages	={222-239},
year	=1956,
}

@article{hughes:bd82,
author	={B. D. Hughes and M. Sahimi},
title	={Random Walks on a the Bethe Lattice},
journal={Journal of Statistical Physics},
volume	=29,
pages	={781--794},
year	=1982,
}

@article{hughes:bd93,
author	={B. D. Hughes and M. Sahimi},
title	={Diffusion in Disordered Systems with Multiple Families
of Transport Paths},
journal={Physical Review Letters},
volume	=70,
pages	={2581--2584},
year	=1993,
}

@article{klute:a65,
author	={A. Klute and E. J. Scott and F. D. Whisler},
title	={Steady State Water Flow in a Saturated 
Inclined Soil Slab},
journal=WRR,
volume	=1,
pages	={287-294},
year	=1965,
}

@techreport{kohout:fa1977,
author = {F. A. Kohout and H. R. Henry and J. E. Banks},
title = {Hydrogeology related to geothermal conditions
of the Floridian plateau},
institution ={Florida Department of Natural Resources
Department of Geology},
type = {Special Publication No. 21},
address = {Tallahasee, Florida},
year =1977,
}
 
@article{lewis:dc66,
author	={D. C. Lewis and G. J. Kriz and R. H. Burgy},
title	={Tracer Dilution Sampling Technique to Determine
Hydraulic Conductivity of Fractured Rock},
journal=WRR,
volume	=2,
pages	={533-542},
year	=1966,
}


@techreport{long:jcs1996,
author = {{National Research Council}},
title = {Rock Fractures and Fluid Flow},
institution ={National Research Council},
type = {},
address = {National Academy Press},
year =1996,
comments={J.C.S. Long may be appropriate to cite as an editor 
for this work.},
}
 

@incollection{long:jcs1997,
author	={J. C. S. Long and C. Doughty and A. Datta-Gupta and
K. Hestir and D. Vasco},
title	={Component characterization: an approach to 
fracture hydrology},
booktitle={Subsurface flow and Transport: A Stochastic Approach},
editor	={G. Dagan and S. P. Neumann},
publisher={Cambridge University Press},
address={Cambridge},
pages	={179-195},
year	=1997,
}

@article{markle:jm95,
author	={J. M. Markle and R. K. Rowe and K. S. Novakowski},
title	={A model for the constant-head pumping test
conducted in vertically fractured media},
journal={International Journal for Numerical and
Analytical Methods in Geomechanics},
volume	=19,
pages	={457-473},
year	=1995,
}

@article{neuman:sp70,
author	={S. P. Neuman and P. A. Witherspoon},
title	={Finite Element Method of Analyzing Steady 
Seepage with a free surface},
journal={Water Resources Research},
volume	=6,
pages	={889-897},
year	=1970,
}

@article{philip:jr86,
author	={J. R. Philip},
title	={Issues in Flow and Transport in Heterogeneous Porous Media},
journal={TIPM},
volume	=1,
pages	={319--338},
year	=1986,
}

@article{rasmuson:a82,
author	={A. Rasmuson and T. N. Narasimhan and I. Neretnieks},
title	={Chemical Transport in a Fissured Rock: Vereification
of a Numerical Model},
journal=WRR,
volume	=18,
pages	={1479--1492},
year	=1982,
}

@article{rasmuson:a85,
author	={A. Rasmuson},
title	={Analysis fo Hydrodynamic Dispersion in Discrete
Fracture Networks Using the Method of Moments},
journal=WRR,
volume	=21,
pages	={1677--1683},
year	=1985,
}

@article{slattery:jc1967,
author	={J. C. Slattery},
title	={Flow of Viscoelastic Fluids Through Porous Media},
journal={{AIChe} Journal},
volume	=13,
pages	={1066-1071},
year	=1967,
}


@article{umari:amj86,
author	={A. M. J. Umari and S. M. Gorelick},
title	={The problem of Complex Eigensystems in the 
Semianalytical Soluion for Advancement of Time in 
Solue Transport Simulations: A New Method Using
Real Arithmetic},
journal=WRR,
volume	=22,
pages	={1149--1154},
year	=1986,
}

@article{vemuri:v69,
author	={V. Vemuri and J. A. Dracup and R. C. Erdmann},
title	={Sensitivity analysis method of system identification
and its potential in hydrologic research},
journal={Water Resources Research},
volume	=5,
pages	={341-349},
year	=1969,
}

@article{washburn:ew1921,
author	={E. W. Washburn},
title	={The Dynamics of Capillary Flow},
journal={The Physical Review},
volume	={XVII},
pages	={273-283},
year	=1921,
}

@article{whitaker:s86,
author	={S. Whitaker},
title	={Flow in Porous Media {I}: A Theoretical Derivation of
{D}arcy's Law},
journal={TIPM},
volume	=1,
pages	={3--25},
year	=1986,
}

@article{wei:l93,
author	={L. Wei and J. A. Hudson},
title	={A Coupled discrete--Continuum Approach for Modelling
of Water Flow in Joined Rocks},
journal={G{\'e}otechnique},
volume	=1993,
pages	={21--36},
year	=1993,
}

@article{xiao:yx1999,
author	={Y. X. Xiao and C. F. Lee and S. J. Wang},
title	={Assessment of an equivalent porous medium for 
coupled stress and fluid flow in fractued rock},
journal=IJRM,
volume	=36,
pages	={871-881},
year	=1999,
}


