
@string{BOOKTITLE="Development and Application 
of Discontinuous Modelling for Rock
Engineering --- Proceedings of the 
6th International Conference on Analysis of Discontinuous 
Deformation (ICADD-6), Orkanger, Norway"}


@InProceedings{template,
  author = 	 {},
  title = 	 {},
  booktitle = 	 BOOKTITLE,
  OPTcrossref =  {},
  OPTkey = 	 {},
 pages = 	 {},
  year = 	 {2003},
  editor = 	 {M. Lu},
  OPTvolume = 	 {},
  OPTnumber = 	 {},
  OPTseries = 	 {},
  address = 	 {Rotterdam},
  month = 	 {October 5-8},
  OPTorganization = {},
  publisher = {Balkema},
  OPTnote = 	 {},
  OPTannote = 	 {}
}


@InProceedings{doolin:dm2003:ICADD6,
  author = 	 {D. M. Doolin},
  title = 	 {Preliminary results unifying discontinuous 
deformation analysis ({DDA}) and the distinct element method ({DEM})},
  booktitle = 	 BOOKTITLE,
  OPTcrossref =  {},
  OPTkey = 	 {},
 pages = 	 {p. 119-128},
  year = 	 {2003},
  editor = 	 {M. Lu},
  OPTvolume = 	 {},
  OPTnumber = 	 {},
  OPTseries = 	 {},
  address = 	 {Rotterdam},
  month = 	 {October 5-8},
  OPTorganization = {},
  publisher = {Balkema},
  OPTnote = 	 {},
  OPTannote = 	 {}
}

@InProceedings{maclaughlin:mm2003a,
  author = 	 {M. M. MacLaughlin and D. M. Doolin and 
E. A. Berger},
  title = 	 {Ten years of {DDA} validation },
  booktitle = 	 BOOKTITLE,
  OPTcrossref =  {},
  OPTkey = 	 {},
  pages = 	 {p. 13-32},
  year = 	 {2003},
  editor = 	 {M. Lu},
  OPTvolume = 	 {},
  OPTnumber = 	 {},
  OPTseries = 	 {},
  address = 	 {Rotterdam},
  month = 	 {October 5-8},
  OPTorganization = {},
  publisher = {Balkema},
  OPTnote = 	 {},
  OPTannote = 	 {}
}

