%%%
%%% Start of complete proceedings bib file




@InProceedings{aiqing:w2002,
  title = 	 {Stability analysis for rock blocks 
in {T}hree {G}orges {P}roject},
  author = 	 {W. Aiqing and H. Zhengjia},
  booktitle = 	 {Stability of Rock Structures---Proceedings
of the Fifth International Conference on Analysis of 
Discontinuous Deformation},
  OPTcrossref =  {},
  OPTkey = 	 {},
  pages = 	 {95-100},
  year = 	 {2002},
  editor = 	 {Y. H. Hatzor},
  OPTvolume = 	 {},
  OPTnumber = 	 {},
  OPTseries = 	 {},
  address = 	 {Abingdon},
  month = 	 {Oct. 6-10},
  OPTorganization = {},
  publisher = {A. A. Balkema},
  OPTnote = 	 {},
  OPTannote = 	 {}
}



@InProceedings{alvarez:er2002,
  author = 	 {E. {Rocamora Alverez}},
  title = 	 {Some approaches on the prediction 
of hillsides stability in karstic massif},
  booktitle = 	 {Stability of Rock Structures---Proceedings
of the Fifth International Conference on Analysis of 
Discontinuous Deformation},
  OPTcrossref =  {},
  OPTkey = 	 {},
  pages = 	 {101-106},
  year = 	 {2002},
  editor = 	 {Y. H. Hatzor},
  OPTvolume = 	 {},
  OPTnumber = 	 {},
  OPTseries = 	 {},
  address = 	 {Abingdon},
  month = 	 {Oct. 6-10},
  OPTorganization = {},
  publisher = {A. A. Balkema},
  OPTnote = 	 {},
  OPTannote = 	 {}
}



@InProceedings{bangash:t2002,
  author = 	 {T. Bangash and A. Munjiza},
  title = 	 {Experimental validation of combined 
FEM/DEM simulation of R.C. beams under impact
induced failure},
  booktitle = 	 {Stability of Rock Structures---Proceedings
of the Fifth International Conference on Analysis of 
Discontinuous Deformation},
  OPTcrossref =  {},
  OPTkey = 	 {},
  pages = 	 {165-170},
  year = 	 {2002},
  editor = 	 {Y. H. Hatzor},
  OPTvolume = 	 {},
  OPTnumber = 	 {},
  OPTseries = 	 {},
  address = 	 {Abingdon},
  month = 	 {Oct. 6-10},
  OPTorganization = {},
  publisher = {A. A. Balkema},
  OPTnote = 	 {},
  OPTannote = 	 {}
}



@InProceedings{chen:s2002,
  author = 	 {S. Chen and Y.-N. Oh and D.-S. Jeng and L.-K. Chien},
  title = 	 {Analysis of stress and displacement around a tunnel},
  booktitle = 	 {Stability of Rock Structures---Proceedings
of the Fifth International Conference on Analysis of 
Discontinuous Deformation},
  OPTcrossref =  {},
  OPTkey = 	 {},
  pages = 	 {107-112},
  year = 	 {2002},
  editor = 	 {Y. H. Hatzor},
  OPTvolume = 	 {},
  OPTnumber = 	 {},
  OPTseries = 	 {},
  address = 	 {Abingdon},
  month = 	 {Oct. 6-10},
  OPTorganization = {},
  publisher = {A. A. Balkema},
  OPTnote = 	 {},
  OPTannote = 	 {}
}


@InProceedings{hatzor:yh2002,
  author = 	 {Y. H. Hatzor and A. A. Arzi and M. Tsesarsky},
  title = 	 {Realistic dynamic analysis of jointed rock slopes
using {DDA}},
  booktitle = 	 {Stability of Rock Structures---Proceedings
of the Fifth International Conference on Analysis of 
Discontinuous Deformation},
  OPTcrossref =  {},
  OPTkey = 	 {},
  pages = 	 {47-56},
  year = 	 {2002},
  editor = 	 {Y. H. Hatzor},
  OPTvolume = 	 {},
  OPTnumber = 	 {},
  OPTseries = 	 {},
  address = 	 {Abingdon},
  month = 	 {Oct. 6-10},
  OPTorganization = {},
  publisher = {A. A. Balkema},
  OPTnote = 	 {},
  OPTannote = 	 {}
}



@InProceedings{ishikawa:t2002,
  author = 	 {T. Ishikawa and E. Sekine and Y. Ohnishi},
  title = 	 {Shaking table tests of coarse granular 
materials with discontinuous deformation analysis},
  booktitle = 	 {Stability of Rock Structures---Proceedings
of the Fifth International Conference on Analysis of 
Discontinuous Deformation},
  OPTcrossref =  {},
  OPTkey = 	 {},
  pages = 	 {181-188},
  year = 	 {2002},
  editor = 	 {Y. H. Hatzor},
  OPTvolume = 	 {},
  OPTnumber = 	 {},
  OPTseries = 	 {},
  address = 	 {Abingdon},
  month = 	 {Oct. 6-10},
  OPTorganization = {},
  publisher = {A. A. Balkema},
  OPTnote = 	 {},
  OPTannote = 	 {}
}



@InProceedings{jang:hi2002,
  author = 	 {H. I. Jang and C. I. Lee},
  title = 	 {Development of a three-dimensional 
discontinuous deformation analysis
technique and its application to toppling failure},
  booktitle = 	 {Stability of Rock Structures---Proceedings
of the Fifth International Conference on Analysis of 
Discontinuous Deformation},
  OPTcrossref =  {},
  OPTkey = 	 {},
  pages = 	 {225-230},
  year = 	 {2002},
  editor = 	 {Y. H. Hatzor},
  OPTvolume = 	 {},
  OPTnumber = 	 {},
  OPTseries = 	 {},
  address = 	 {Abingdon},
  month = 	 {Oct. 6-10},
  OPTorganization = {},
  publisher = {A. A. Balkema},
  OPTnote = 	 {},
  OPTannote = 	 {}
}



@InProceedings{jing:l2002,
  author = 	 {L. Jing and K.-B. Min and O, Stephansson},
  title = 	 {Numerical models for coupled 
thermo-hydro-mechanical processes in fractured 
rock---continuum and discrete approaches},
  booktitle = 	 {Stability of Rock Structures---Proceedings
of the Fifth International Conference on Analysis of 
Discontinuous Deformation},
  OPTcrossref =  {},
  OPTkey = 	 {},
  pages = 	 {57-68},
  year = 	 {2002},
  editor = 	 {Y. H. Hatzor},
  OPTvolume = 	 {},
  OPTnumber = 	 {},
  OPTseries = 	 {},
  address = 	 {Abingdon},
  month = 	 {Oct. 6-10},
  OPTorganization = {},
  publisher = {A. A. Balkema},
  OPTnote = 	 {},
  OPTannote = 	 {}
}



@InProceedings{katz:o2002,
  author = 	 {O. Katz and Z. Reches},
  title = 	 {Pre-failure damage, time-dependent creep
and strength variations of a brittle granite},
  booktitle = 	 {Stability of Rock Structures---Proceedings
of the Fifth International Conference on Analysis of 
Discontinuous Deformation},
  OPTcrossref =  {},
  OPTkey = 	 {},
  pages = 	 {189-194},
  year = 	 {2002},
  editor = 	 {Y. H. Hatzor},
  OPTvolume = 	 {},
  OPTnumber = 	 {},
  OPTseries = 	 {},
  address = 	 {Abingdon},
  month = 	 {Oct. 6-10},
  OPTorganization = {},
  publisher = {A. A. Balkema},
  OPTnote = 	 {},
  OPTannote = 	 {}
}


@InProceedings{kumar:d2002,
  author = 	 {D. Kumar and S. K. Das},
  title = 	 {Experimental investigations into 
floor bearing strength of jointed and layered rock 
mass},
  booktitle = 	 {Stability of Rock Structures---Proceedings
of the Fifth International Conference on Analysis of 
Discontinuous Deformation},
  OPTcrossref =  {},
  OPTkey = 	 {},
  pages = 	 {87-94},
  year = 	 {2002},
  editor = 	 {Y. H. Hatzor},
  OPTvolume = 	 {},
  OPTnumber = 	 {},
  OPTseries = 	 {},
  address = 	 {Abingdon},
  month = 	 {Oct. 6-10},
  OPTorganization = {},
  publisher = {A. A. Balkema},
  OPTnote = 	 {},
  OPTannote = 	 {}
}



@InProceedings{lu:m2002,
  author = 	 {M. Lu},
  title = 	 {High-order manifold method with 
simplex integration},
  booktitle = 	 {Stability of Rock Structures---Proceedings
of the Fifth International Conference on Analysis of 
Discontinuous Deformation},
  OPTcrossref =  {},
  OPTkey = 	 {},
  pages = 	 {75-86},
  year = 	 {2002},
  editor = 	 {Y. H. Hatzor},
  OPTvolume = 	 {},
  OPTnumber = 	 {},
  OPTseries = 	 {},
  address = 	 {Abingdon},
  month = 	 {Oct. 6-10},
  OPTorganization = {},
  publisher = {A. A. Balkema},
  OPTnote = 	 {},
  OPTannote = 	 {}
}



@InProceedings{morris:jp2002,
  author = 	 {J. P. Morris and L. A. Glenn and F. E. 
Heuz\'e and S. C. Blair},
  title = 	 {Simulations of underground structures subjected 
to dynamic loading using the distinct element method},
  booktitle = 	 {Stability of Rock Structures---Proceedings
of the Fifth International Conference on Analysis of 
Discontinuous Deformation},
  OPTcrossref =  {},
  OPTkey = 	 {},
  pages = 	 {121-124},
  year = 	 {2002},
  editor = 	 {Y. H. Hatzor},
  OPTvolume = 	 {},
  OPTnumber = 	 {},
  OPTseries = 	 {},
  address = 	 {Abingdon},
  month = 	 {Oct. 6-10},
  OPTorganization = {},
  publisher = {A. A. Balkema},
  OPTnote = 	 {},
  OPTannote = 	 {}
}



@InProceedings{munjiza:a2002,
  author = 	 {A. Munjiza and J. P. Latham},
  title = 	 {Grand challenge of discontinuous 
deformation analysis},
  booktitle = 	 {Stability of Rock Structures---Proceedings
of the Fifth International Conference on Analysis of 
Discontinuous Deformation},
  OPTcrossref =  {},
  OPTkey = 	 {},
  pages = 	 {69-74},
  year = 	 {2002},
  editor = 	 {Y. H. Hatzor},
  OPTvolume = 	 {},
  OPTnumber = 	 {},
  OPTseries = 	 {},
  address = 	 {Abingdon},
  month = 	 {Oct. 6-10},
  OPTorganization = {},
  publisher = {A. A. Balkema},
  OPTnote = 	 {},
  OPTannote = 	 {}
}



@InProceedings{ninis:nl2002a,
  author = 	 {N. L. Ninis and A. K. Kakaliagos
and H. Mouzakis and P. Carydis},
  title = 	 {Numerical simulation of shear sliding 
effects at the connecting interface of two megalithic 
column drums},
  booktitle = 	 {Stability of Rock Structures---Proceedings
of the Fifth International Conference on Analysis of 
Discontinuous Deformation},
  OPTcrossref =  {},
  OPTkey = 	 {},
  pages = 	 {145-152},
  year = 	 {2002},
  editor = 	 {Y. H. Hatzor},
  OPTvolume = 	 {},
  OPTnumber = 	 {},
  OPTseries = 	 {},
  address = 	 {Abingdon},
  month = 	 {Oct. 6-10},
  OPTorganization = {},
  publisher = {A. A. Balkema},
  OPTnote = 	 {},
  OPTannote = 	 {}
}



@InProceedings{ninis:nl2002b,
  author = 	 {N. L. Ninis and S. K. Kourkourlis},
  title = 	 {On determining appropriate parameters of
mechanical strength for numeric simulation of building stones},
  booktitle = 	 {Stability of Rock Structures---Proceedings
of the Fifth International Conference on Analysis of 
Discontinuous Deformation},
  OPTcrossref =  {},
  OPTkey = 	 {},
  pages = 	 {153-164},
  year = 	 {2002},
  editor = 	 {Y. H. Hatzor},
  OPTvolume = 	 {},
  OPTnumber = 	 {},
  OPTseries = 	 {},
  address = 	 {Abingdon},
  month = 	 {Oct. 6-10},
  OPTorganization = {},
  publisher = {A. A. Balkema},
  OPTnote = 	 {},
  OPTannote = 	 {}
}



@InProceedings{oh:yn2002,
  author = 	 {Y.-N. Oh and D.-S. Jeng and S. Chen and L.-K. Chien},
  title = 	 {A parametric study using discontinuous deformation 
analysis to model wave-induced seabed response},
  booktitle = 	 {Stability of Rock Structures---Proceedings
of the Fifth International Conference on Analysis of 
Discontinuous Deformation},
  OPTcrossref =  {},
  OPTkey = 	 {},
  pages = 	 {113-120},
  year = 	 {2002},
  editor = 	 {Y. H. Hatzor},
  OPTvolume = 	 {},
  OPTnumber = 	 {},
  OPTseries = 	 {},
  address = 	 {Abingdon},
  month = 	 {Oct. 6-10},
  OPTorganization = {},
  publisher = {A. A. Balkema},
  OPTnote = 	 {},
  OPTannote = 	 {}
}



@InProceedings{peng:xc2002,
  author = 	 {X.-C. Peng and H.-B. Tang},
  title = 	 {Three-dimensional discontinuity
network analysis},
  booktitle = 	 {Stability of Rock Structures---Proceedings
of the Fifth International Conference on Analysis of 
Discontinuous Deformation},
  OPTcrossref =  {},
  OPTkey = 	 {},
  pages = 	 {231-238},
  year = 	 {2002},
  editor = 	 {Y. H. Hatzor},
  OPTvolume = 	 {},
  OPTnumber = 	 {},
  OPTseries = 	 {},
  address = 	 {Abingdon},
  month = 	 {Oct. 6-10},
  OPTorganization = {},
  publisher = {A. A. Balkema},
  OPTnote = 	 {},
  OPTannote = 	 {}
}



@InProceedings{scheldt:t2002,
  author = 	 {T. Scheldt and M. Lu and A. Myrvang},
  title = 	 {Numerical analysis of {G}j\/ovik cavern:
a comparison of continuous and discontinuous results by
using {P}hase$^2$ and {DDA}},
  booktitle = 	 {Stability of Rock Structures---Proceedings
of the Fifth International Conference on Analysis of 
Discontinuous Deformation},
  OPTcrossref =  {},
  OPTkey = 	 {},
  pages = 	 {125-132},
  year = 	 {2002},
  editor = 	 {Y. H. Hatzor},
  OPTvolume = 	 {},
  OPTnumber = 	 {},
  OPTseries = 	 {},
  address = 	 {Abingdon},
  month = 	 {Oct. 6-10},
  OPTorganization = {},
  publisher = {A. A. Balkema},
  OPTnote = 	 {},
  OPTannote = 	 {}
}



@InProceedings{shi:gh2002,
  author = 	 {{G.-H.} Shi},
  title = 	 {Single and multiple block limit equilibrium
of key block method and discontinuous deformation analysis},
  booktitle = 	 {Stability of Rock Structures---Proceedings
of the Fifth International Conference on Analysis of 
Discontinuous Deformation},
  OPTcrossref =  {},
  OPTkey = 	 {},
  pages = 	 {3-46},
  year = 	 {2002},
  editor = 	 {Y. H. Hatzor},
  OPTvolume = 	 {},
  OPTnumber = 	 {},
  OPTseries = 	 {},
  address = 	 {Abingdon},
  month = 	 {Oct. 6-10},
  OPTorganization = {},
  publisher = {A. A. Balkema},
  OPTnote = 	 {},
  OPTannote = 	 {}
}


@InProceedings{sulem:j2002,
  author = 	 {J. Sulem and V. {de Gennaro} and M. Cerrolazo},
  title = 	 {Continuum models with microstructure 
for discontinuous rock mass},
  booktitle = 	 {Stability of Rock Structures---Proceedings
of the Fifth International Conference on Analysis of 
Discontinuous Deformation},
  OPTcrossref =  {},
  OPTkey = 	 {},
  pages = 	 {215-224},
  year = 	 {2002},
  editor = 	 {Y. H. Hatzor},
  OPTvolume = 	 {},
  OPTnumber = 	 {},
  OPTseries = 	 {},
  address = 	 {Abingdon},
  month = 	 {Oct. 6-10},
  OPTorganization = {},
  publisher = {A. A. Balkema},
  OPTnote = 	 {},
  OPTannote = 	 {}
}


@InProceedings{tsesarsky:m2002,
  author = 	 {M. Tsesarsky and Y. H. Hatzor and N. Sitar},
  title = 	 {Dynamic block displacement 
prediction --- validation of {DDA} using analytical solutions
and shaking table experiments},
  booktitle = 	 {Stability of Rock Structures---Proceedings
of the Fifth International Conference on Analysis of 
Discontinuous Deformation},
  OPTcrossref =  {},
  OPTkey = 	 {},
  pages = 	 {195-206},
  year = 	 {2002},
  editor = 	 {Y. H. Hatzor},
  OPTvolume = 	 {},
  OPTnumber = 	 {},
  OPTseries = 	 {},
  address = 	 {Abingdon},
  month = 	 {Oct. 6-10},
  OPTorganization = {},
  publisher = {A. A. Balkema},
  OPTnote = 	 {},
  OPTannote = 	 {}
}




@InProceedings{wang:s2002,
  author = 	 {S. Wang and M. Lu},
  title = 	 {Crack propogation modelling by numerical 
manifold method},
  booktitle = 	 {Stability of Rock Structures---Proceedings
of the Fifth International Conference on Analysis of 
Discontinuous Deformation},
  OPTcrossref =  {},
  OPTkey = 	 {},
  pages = 	 {207-214},
  year = 	 {2002},
  editor = 	 {Y. H. Hatzor},
  OPTvolume = 	 {},
  OPTnumber = 	 {},
  OPTseries = 	 {},
  address = 	 {Abingdon},
  month = 	 {Oct. 6-10},
  OPTorganization = {},
  publisher = {A. A. Balkema},
  OPTnote = 	 {},
  OPTannote = 	 {}
}


@InProceedings{yeung:mr2002,
  author = 	 {M. R. Yeung and N. Sun and Q. H. Jiang},
  title = 	 {A study of wedge stability physical models,
block theory and three-dimensional discontinuous deformation 
analysis},
  booktitle = 	 {Stability of Rock Structures---Proceedings
of the Fifth International Conference on Analysis of 
Discontinuous Deformation},
  OPTcrossref =  {},
  OPTkey = 	 {},
  pages = 	 {171-180},
  year = 	 {2002},
  editor = 	 {Y. H. Hatzor},
  OPTvolume = 	 {},
  OPTnumber = 	 {},
  OPTseries = 	 {},
  address = 	 {Abingdon},
  month = 	 {Oct. 6-10},
  OPTorganization = {},
  publisher = {A. A. Balkema},
  OPTnote = 	 {},
  OPTannote = 	 {}
}


@InProceedings{zaslavsky:y2002,
  author = 	 {Y. Zaslavsky and A. Shapira and A. A. Arzi},
  title = 	 {Earthquake site response on hard 
rock --- empirical study},
  booktitle = 	 {Stability of Rock Structures---Proceedings
of the Fifth International Conference on Analysis of 
Discontinuous Deformation},
  OPTcrossref =  {},
  OPTkey = 	 {},
  pages = 	 {133-144},
  year = 	 {2002},
  editor = 	 {Y. H. Hatzor},
  OPTvolume = 	 {},
  OPTnumber = 	 {},
  OPTseries = 	 {},
  address = 	 {Abingdon},
  month = 	 {Oct. 6-10},
  OPTorganization = {},
  publisher = {A. A. Balkema},
  OPTnote = 	 {},
  OPTannote = 	 {}
}
