%%%
%%% Start of complete proceedings bib file

@String{TITLE= {ICADD-3: Third International Conference on Analysis
of Discontinuous Deformation---From theory to practice}}



@InProceedings{chen:g1999a,
  author = 	 {G. Chen and Y. Ohnishi},
  title = 	 {A non-linear model for 
discontinuities in {DDA}},
  booktitle = 	 TITLE,
  OPTcrossref =  {},
  OPTkey = 	 {},
  pages = 	 {57-66},
  year = 	 {1999},
  editor = 	 {B. Amadei},
  OPTvolume = 	 {},
  OPTnumber = 	 {},
  OPTseries = 	 {},
  OPTaddress = 	 {600 Woodland Terrace, Alexandria, VA 22302 USA},
  month = 	 {June 3-4},
  OPTorganization = {American Rock Mechanics Association},
  publisher = {American Rock Mechanics Association},
  OPTnote = 	 {},
  OPTannote = 	 {}
}

@InProceedings{chen:g1999b,
  author = 	 {G. Chen and Y. Ohnishi},
  title = 	 {Practical computing formulas 
of simplex integration},
  booktitle = 	 TITLE,
  OPTcrossref =  {},
  OPTkey = 	 {},
  pages = 	 {75-84},
  year = 	 {1999},
  editor = 	 {B. Amadei},
  OPTvolume = 	 {},
  OPTnumber = 	 {},
  OPTseries = 	 {},
  OPTaddress = 	 {600 Woodland Terrace, Alexandria, VA 22302 USA},
  month = 	 {June 3-4},
  OPTorganization = {American Rock Mechanics Association},
  publisher = {American Rock Mechanics Association},
  OPTnote = 	 {},
  OPTannote = 	 {}
}

@InProceedings{clatworthy:d1999,
  author = 	 {D. Clatworthy and F. Scheele},
  title = 	 {A method of sub-meshing in 
Discontinuous Deformation Analysis ({DDA})},
  booktitle = 	 TITLE,
  OPTcrossref =  {},
  OPTkey = 	 {},
  pages = 	 {85-96},
  year = 	 {1999},
  editor = 	 {B. Amadei},
  OPTvolume = 	 {},
  OPTnumber = 	 {},
  OPTseries = 	 {},
  OPTaddress = 	 {600 Woodland Terrace, Alexandria, VA 22302 USA},
  month = 	 {June 3-4},
  OPTorganization = {American Rock Mechanics Association},
  publisher = {American Rock Mechanics Association},
  OPTnote = 	 {},
  OPTannote = 	 {}
}


@InProceedings{hatzor:yh1999a,
  author = 	 {Y. H. Hatzor},
  title = 	 {The {V}oussoir beam reaction curve},
  booktitle = 	 TITLE,
  OPTcrossref =  {},
  OPTkey = 	 {},
  pages = 	 {117-126},
  year = 	 {1999},
  editor = 	 {B. Amadei},
  OPTvolume = 	 {},
  OPTnumber = 	 {},
  OPTseries = 	 {},
  OPTaddress = 	 {600 Woodland Terrace, Alexandria, VA 22302 USA},
  month = 	 {June 3-4},
  OPTorganization = {American Rock Mechanics Association},
  publisher = {American Rock Mechanics Association},
  OPTnote = 	 {},
  OPTannote = 	 {}
}


@InProceedings{ishikawa:t1999,
  author = 	 {T. Ishikawa and Y. Ohnishi},
  title = 	 {Analysis of cyclic plastic deformation 
of railroad ballast by {DDA}},
  booktitle = 	 TITLE,
  OPTcrossref =  {},
  OPTkey = 	 {},
  pages = 	 {107-116},
  year = 	 {1999},
  editor = 	 {B. Amadei},
  OPTvolume = 	 {},
  OPTnumber = 	 {},
  OPTseries = 	 {},
  OPTaddress = 	 {600 Woodland Terrace, Alexandria, VA 22302 USA},
  month = 	 {June 3-4},
  OPTorganization = {American Rock Mechanics Association},
  publisher = {American Rock Mechanics Association},
  OPTnote = 	 {},
  OPTannote = 	 {}
}




@InProceedings{kottenstette:jt1999,
  author = 	 {J. T. Kottenstette},
  title = 	 {{DDA} analysis of the {RCC} modification 
for {P}ueblo {D}am},
  booktitle = 	 TITLE,
  OPTcrossref =  {},
  OPTkey = 	 {},
  pages = 	 {127-132},
  year = 	 {1999},
  editor = 	 {B. Amadei},
  OPTvolume = 	 {},
  OPTnumber = 	 {},
  OPTseries = 	 {},
  OPTaddress = 	 {600 Woodland Terrace, Alexandria, VA 22302 USA},
  month = 	 {June 3-4},
  OPTorganization = {American Rock Mechanics Association},
  publisher = {American Rock Mechanics Association},
  OPTnote = 	 {},
  OPTannote = 	 {}
}



@InProceedings{law:hk1999,
  author = 	 {H. K. Law and I. P. Lam},
  title = 	 {Applications of key block theory
and {DDA} at {Y}erba {B}uena {I}sland tunnel portals
under earthquake loading},
  booktitle = 	 TITLE,
  OPTcrossref =  {},
  OPTkey = 	 {},
  pages = 	 {181-192},
  year = 	 {1999},
  editor = 	 {B. Amadei},
  OPTvolume = 	 {},
  OPTnumber = 	 {},
  OPTseries = 	 {},
  OPTaddress = 	 {600 Woodland Terrace, Alexandria, VA 22302 USA},
  month = 	 {June 3-4},
  OPTorganization = {American Rock Mechanics Association},
  publisher = {American Rock Mechanics Association},
  OPTnote = 	 {},
  OPTannote = 	 {}
}

@InProceedings{lin:ct1999,
  author = 	 {C. T. Lin and S. Ouyang and C.-T. Huang and 
C. C. Chen and P. T. H. Huang and C.-C. Lee and J. Liu},
  title = 	 {Modeling excavation induced response of jointed rock
using {DDA}},
  booktitle = 	 TITLE,
  OPTcrossref =  {},
  OPTkey = 	 {},
  pages = 	 {159-170},
  year = 	 {1999},
  editor = 	 {B. Amadei},
  OPTvolume = 	 {},
  OPTnumber = 	 {},
  OPTseries = 	 {},
  OPTaddress = 	 {600 Woodland Terrace, Alexandria, VA 22302 USA},
  month = 	 {June 3-4},
  OPTorganization = {American Rock Mechanics Association},
  publisher = {American Rock Mechanics Association},
  OPTnote = 	 {},
  OPTannote = 	 {}
}

@InProceedings{lin:js1999,
  author = 	 {J.-S. Lin and C.-Y. Koo and J.-C. Chern},
  title = 	 {Manifold method analysis of rock masses 
containing joints of two different scales},
  booktitle = 	 TITLE,
  OPTcrossref =  {},
  OPTkey = 	 {},
  pages = 	 {231-242},
  year = 	 {1999},
  editor = 	 {B. Amadei},
  OPTvolume = 	 {},
  OPTnumber = 	 {},
  OPTseries = 	 {},
  OPTaddress = 	 {600 Woodland Terrace, Alexandria, VA 22302 USA},
  month = 	 {June 3-4},
  OPTorganization = {American Rock Mechanics Association},
  publisher = {American Rock Mechanics Association},
  OPTnote = 	 {},
  OPTannote = 	 {}
}

@InProceedings{ma:my1999,
  author = 	 {M. Y. Ma},
  title = 	 {Development of Discontinuous Deformation 
Analysis: the first 10 years (1986-1996)},
  booktitle = 	 TITLE,
  OPTcrossref =  {},
  OPTkey = 	 {},
  pages = 	 {17-32}, 
  year = 	 {1999},
  editor = 	 {B. Amadei},
  OPTvolume = 	 {},
  OPTnumber = 	 {},
  OPTseries = 	 {},
  OPTaddress = 	 {600 Woodland Terrace, Alexandria, VA 22302 USA},
  month = 	 {June 3-4},
  OPTorganization = {American Rock Mechanics Association},
  publisher = {American Rock Mechanics Association},
  OPTnote = 	 {},
  OPTannote = 	 {}
}


@InProceedings{maclaughlin:mm1999,
  author = 	 {M. M. MacLaughlin and N. Sitar},
  title = 	 {A gravity turn-on routine for {DDA}},
  booktitle = 	 TITLE,
  OPTcrossref =  {},
  OPTkey = 	 {},
  pages = 	 {65-74},
  year = 	 {1999},
  editor = 	 {B. Amadei},
  OPTvolume = 	 {},
  OPTnumber = 	 {},
  OPTseries = 	 {},
  OPTaddress = 	 {600 Woodland Terrace, Alexandria, VA 22302 USA},
  month = 	 {June 3-4},
  OPTorganization = {American Rock Mechanics Association},
  publisher = {American Rock Mechanics Association},
  OPTnote = 	 {},
  OPTannote = 	 {}
}


@InProceedings{ohnishi:y1999a,
  author = 	 {Y. Ohnishi and G. Chen and M. Ogawa 
and T. Itoh and T. Nakai},
  title = 	 {Copmarison between Physical and Manifold 
Method models of discontinuous rock masses},
  booktitle = 	 TITLE,
  OPTcrossref =  {},
  OPTkey = 	 {},
  pages = 	 {33-46},
  year = 	 {1999},
  editor = 	 {B. Amadei},
  OPTvolume = 	 {},
  OPTnumber = 	 {},
  OPTseries = 	 {},
  OPTaddress = 	 {600 Woodland Terrace, Alexandria, VA 22302 USA},
  month = 	 {June 3-4},
  OPTorganization = {American Rock Mechanics Association},
  publisher = {American Rock Mechanics Association},
  OPTnote = 	 {},
  OPTannote = 	 {}
}


@InProceedings{ohnishi:y1999,
  author = 	 {Y. Ohnishi and M. Tanaka and T. Koyama 
and K. Mutoh},
  title = 	 {Manifold method in saturated-unsaturated
unsteady groundwater flow analysis},
  booktitle = 	 TITLE,
  OPTcrossref =  {},
  OPTkey = 	 {},
  pages = 	 {221-230},
  year = 	 {1999},
  editor = 	 {B. Amadei},
  OPTvolume = 	 {},
  OPTnumber = 	 {},
  OPTseries = 	 {},
  OPTaddress = 	 {600 Woodland Terrace, Alexandria, VA 22302 USA},
  month = 	 {June 3-4},
  OPTorganization = {American Rock Mechanics Association},
  publisher = {American Rock Mechanics Association},
  OPTnote = 	 {},
  OPTannote = 	 {}
}


@InProceedings{pearce:c1999,
  author = 	 {C. Pearce and N. Bicanic and A. Thavalingam
and Z. H. Liao},
  title = 	 {On the {DDA} framework for modelling 
concrete fracture},
  booktitle = 	 TITLE,
  OPTcrossref =  {},
  OPTkey = 	 {},
  pages = 	 {133-140},
  year = 	 {1999},
  editor = 	 {B. Amadei},
  OPTvolume = 	 {},
  OPTnumber = 	 {},
  OPTseries = 	 {},
  OPTaddress = 	 {600 Woodland Terrace, Alexandria, VA 22302 USA},
  month = 	 {June 3-4},
  OPTorganization = {American Rock Mechanics Association},
  publisher = {American Rock Mechanics Association},
  OPTnote = 	 {},
  OPTannote = 	 {}
}


@InProceedings{pei:jm1999,
  author = 	 {J.-M. Pei},
  title = 	 {Method of stability analysis of a 
Dam-Foundation plant system},
  booktitle = 	 TITLE,
  OPTcrossref =  {},
  OPTkey = 	 {},
  pages = 	 {97-106},
  year = 	 {1999},
  editor = 	 {B. Amadei},
  OPTvolume = 	 {},
  OPTnumber = 	 {},
  OPTseries = 	 {},
  OPTaddress = 	 {600 Woodland Terrace, Alexandria, VA 22302 USA},
  month = 	 {June 3-4},
  OPTorganization = {American Rock Mechanics Association},
  publisher = {American Rock Mechanics Association},
  OPTnote = 	 {},
  OPTannote = 	 {}
}

@InProceedings{shi:gh1999,
  author = 	 {G.-H. Shi},
  title = 	 {Applications of Discontinuous Deformation 
Analysis and Manifold Method},
  booktitle = 	 TITLE,
  OPTcrossref =  {},
  OPTkey = 	 {},
  pages = 	 {3-16},
  year = 	 {1999},
  editor = 	 {B. Amadei},
  OPTvolume = 	 {},
  OPTnumber = 	 {},
  OPTseries = 	 {},
  OPTaddress = 	 {600 Woodland Terrace, Alexandria, VA 22302 USA},
  month = 	 {June 3-4},
  OPTorganization = {American Rock Mechanics Association},
  publisher = {American Rock Mechanics Association},
  OPTnote = 	 {},
  OPTannote = 	 {}
}


@InProceedings{shih:c1999,
  author = 	 {C. Shih and A. Altschaeffl and E. C. Ting},
  title = 	 {Soil and rock analysis by mechanics 
of multiple continuous bodies},
  booktitle = 	 TITLE,
  OPTcrossref =  {},
  OPTkey = 	 {},
  pages = 	 {253-262},
  year = 	 {1999},
  editor = 	 {B. Amadei},
  OPTvolume = 	 {},
  OPTnumber = 	 {},
  OPTseries = 	 {},
  OPTaddress = 	 {600 Woodland Terrace, Alexandria, VA 22302 USA},
  month = 	 {June 3-4},
  OPTorganization = {American Rock Mechanics Association},
  publisher = {American Rock Mechanics Association},
  OPTnote = 	 {},
  OPTannote = 	 {}
}

@InProceedings{shyu:k1999,
  author = 	 {K. Shyu and X. Wang and C.-T. Chang},
  title = 	 {Dynamic behaviors in discontinuous elastic 
media using {DDA}},
  booktitle = 	 TITLE,
  OPTcrossref =  {},
  OPTkey = 	 {},
  pages = 	 {243-252},
  year = 	 {1999},
  editor = 	 {B. Amadei},
  OPTvolume = 	 {},
  OPTnumber = 	 {},
  OPTseries = 	 {},
  OPTaddress = 	 {600 Woodland Terrace, Alexandria, VA 22302 USA},
  month = 	 {June 3-4},
  OPTorganization = {American Rock Mechanics Association},
  publisher = {American Rock Mechanics Association},
  OPTnote = 	 {},
  OPTannote = 	 {}
}

@InProceedings{wang:cy1999,
  author = 	 {C.-Y. Wang and C.-C. Wang and J. Sheng},
  title = 	 {An efficient adaptive skyline solver 
for contact dynamics in discrete body systems},
  booktitle = 	 TITLE,
  OPTcrossref =  {},
  OPTkey = 	 {},
  pages = 	 {47-56},
  year = 	 {1999},
  editor = 	 {B. Amadei},
  OPTvolume = 	 {},
  OPTnumber = 	 {},
  OPTseries = 	 {},
  OPTaddress = 	 {600 Woodland Terrace, Alexandria, VA 22302 USA},
  month = 	 {June 3-4},
  OPTorganization = {American Rock Mechanics Association},
  publisher = {American Rock Mechanics Association},
  OPTnote = 	 {},
  OPTannote = 	 {}
}


@InProceedings{wang:s1999a,
  author = 	 {S. Wang and X. Ge and G. Zhang},
  title = 	 {Manifold method with complete first 
order displacement function on physical cover},
  booktitle = 	 TITLE,
  OPTcrossref =  {},
  OPTkey = 	 {},
  pages = 	 {193-202},
  year = 	 {1999},
  editor = 	 {B. Amadei},
  OPTvolume = 	 {},
  OPTnumber = 	 {},
  OPTseries = 	 {},
  OPTaddress = 	 {600 Woodland Terrace, Alexandria, VA 22302 USA},
  month = 	 {June 3-4},
  OPTorganization = {American Rock Mechanics Association},
  publisher = {American Rock Mechanics Association},
  OPTnote = 	 {},
  OPTannote = 	 {}
}


@InProceedings{wang:s1999b,
  author = 	 {S. Wang and X. Ge},
  title = 	 {Manifold method with four physical covers forming 
an element and its application},
  booktitle = 	 TITLE,
  OPTcrossref =  {},
  OPTkey = 	 {},
  pages = 	 {203-210},
  year = 	 {1999},
  editor = 	 {B. Amadei},
  OPTvolume = 	 {},
  OPTnumber = 	 {},
  OPTseries = 	 {},
  OPTaddress = 	 {600 Woodland Terrace, Alexandria, VA 22302 USA},
  month = 	 {June 3-4},
  OPTorganization = {American Rock Mechanics Association},
  publisher = {American Rock Mechanics Association},
  OPTnote = 	 {},
  OPTannote = 	 {}
}


@InProceedings{wang:x1999,
  author = 	 {X. Wang and K. Shyu and C.-T. Chang and D. Zheng},
  title = 	 {On the methodology of numerical etching},
  booktitle = 	 TITLE,
  OPTcrossref =  {},
  OPTkey = 	 {},
  pages = 	 {151-158},
  year = 	 {1999},
  editor = 	 {B. Amadei},
  OPTvolume = 	 {},
  OPTnumber = 	 {},
  OPTseries = 	 {},
  OPTaddress = 	 {600 Woodland Terrace, Alexandria, VA 22302 USA},
  month = 	 {June 3-4},
  OPTorganization = {American Rock Mechanics Association},
  publisher = {American Rock Mechanics Association},
  OPTnote = 	 {},
  OPTannote = 	 {}
}

@InProceedings{yeung:mr1999,
  author = 	 {M. R. Yeung and S. C. Blair},
  title = 	 {Analysis of large block test data using 
{DDA} method},
  booktitle = 	 TITLE,
  OPTcrossref =  {},
  OPTkey = 	 {},
  pages = 	 {141-150},
  year = 	 {1999},
  editor = 	 {B. Amadei},
  OPTvolume = 	 {},
  OPTnumber = 	 {},
  OPTseries = 	 {},
  OPTaddress = 	 {600 Woodland Terrace, Alexandria, VA 22302 USA},
  month = 	 {June 3-4},
  OPTorganization = {American Rock Mechanics Association},
  publisher = {American Rock Mechanics Association},
  OPTnote = 	 {},
  OPTannote = 	 {}
}



@InProceedings{zhang:gx1999a,
  author = 	 {G.-X. Zhang and Y. Sugiura and K. Saito},
  title = 	 {Application of manifold method to jointed
dam foundation},
  booktitle = 	 TITLE,
  OPTcrossref =  {},
  OPTkey = 	 {},
  pages = 	 {211-220},
  year = 	 {1999},
  editor = 	 {B. Amadei},
  OPTvolume = 	 {},
  OPTnumber = 	 {},
  OPTseries = 	 {},
  OPTaddress = 	 {600 Woodland Terrace, Alexandria, VA 22302 USA},
  month = 	 {June 3-4},
  OPTorganization = {American Rock Mechanics Association},
  publisher = {American Rock Mechanics Association},
  OPTnote = 	 {},
  OPTannote = 	 {}
}


@InProceedings{zhang:gx1999b,
  author = 	 {G.-X. Zhang and Y. Sugiura and H. Hasegawa},
  title = 	 {Crack propogation by manifold and 
boundary element method},
  booktitle = 	 TITLE,
  OPTcrossref =  {},
  OPTkey = 	 {},
  pages = 	 {273-282},
  year = 	 {1999},
  editor = 	 {B. Amadei},
  OPTvolume = 	 {},
  OPTnumber = 	 {},
  OPTseries = 	 {},
  OPTaddress = 	 {600 Woodland Terrace, Alexandria, VA 22302 USA},
  month = 	 {June 3-4},
  OPTorganization = {American Rock Mechanics Association},
  publisher = {American Rock Mechanics Association},
  OPTnote = 	 {},
  OPTannote = 	 {}
}


@InProceedings{zhou:w1999,
  author = 	 {W. Zhou and X. Kuo and R. Yang},
  title = 	 {Crack propogation using manifold 
method coupled with element free method},
  booktitle = 	 TITLE,
  OPTcrossref =  {},
  OPTkey = 	 {},
  pages = 	 {283-289},
  year = 	 {1999},
  editor = 	 {B. Amadei},
  OPTvolume = 	 {},
  OPTnumber = 	 {},
  OPTseries = 	 {},
  OPTaddress = 	 {600 Woodland Terrace, Alexandria, VA 22302 USA},
  month = 	 {June 3-4},
  OPTorganization = {American Rock Mechanics Association},
  publisher = {American Rock Mechanics Association},
  OPTnote = 	 {},
  OPTannote = 	 {}
}


@InProceedings{zhu:w1999,
  author = 	 {W. Zhu and Q. Zhang and L. Jing},
  title = 	 {Stability analysis of the ship-lock
slopes of the {T}hree {G}orges project by three-dimensional
{FEM} and {DEM} techniques},
  booktitle = 	 TITLE,
  OPTcrossref =  {},
  OPTkey = 	 {},
  pages = 	 {263-272},
  year = 	 {1999},
  editor = 	 {B. Amadei},
  OPTvolume = 	 {},
  OPTnumber = 	 {},
  OPTseries = 	 {},
  OPTaddress = 	 {600 Woodland Terrace, Alexandria, VA 22302 USA},
  month = 	 {June 3-4},
  OPTorganization = {American Rock Mechanics Association},
  publisher = {American Rock Mechanics Association},
  OPTnote = 	 {},
  OPTannote = 	 {}
}