%%%
%%% Start of complete proceedings bib file




@InProceedings{bagi:k2001,
  author = 	 {K. Bagi and I. Bojtar},
  title = 	 {Different Microstructural Strain Tensors
  for Granular Assemblies},
  booktitle = 	 {Proceedings of the Fourth International 
Conference on Analysis of Discontinuous Deformation},
  OPTcrossref =  {},
  OPTkey = 	 {},
  pages = 	 {261-270},
  year = 	 {2001},
  editor = 	 {N. Bi\'cani\'c},
  OPTvolume = 	 {},
  OPTnumber = 	 {},
  OPTseries = 	 {},
  OPTaddress = 	 {},
  month = 	 {June 6-8},
  OPTorganization = {},
  publisher = {University of Glasgow},
  OPTnote = 	 {},
  OPTannote = 	 {}
}




@InProceedings{balden:v2001,
  author = 	 {V. Balden and F. Scheele and G. Nurick},
  title = 	 {Discontinuous Deformation Analysis
  in Ball Milling},
  booktitle = 	 {Proceedings of the Fourth International 
Conference on Analysis of Discontinuous Deformation},
  OPTcrossref =  {},
  OPTkey = 	 {},
  pages = 	 {337-348},
  year = 	 {2001},
  editor = 	 {N. Bi\'cani\'c},
  OPTvolume = 	 {},
  OPTnumber = 	 {},
  OPTseries = 	 {},
  OPTaddress = 	 {},
  month = 	 {June 6-8},
  OPTorganization = {},
  publisher = {University of Glasgow},
  OPTnote = 	 {},
  OPTannote = 	 {}
}


@InProceedings{bicanic:n2001,
  author = 	 {N. Bi\'cani\'c and C. Stirling},
  title = 	 {{DDA} analysis of the {C}ouplet/{H}eyman 
  Minimum Thickness Arch Problem},
  booktitle = 	 {Proceedings of the Fourth International 
Conference on Analysis of Discontinuous Deformation},
  OPTcrossref =  {},
  OPTkey = 	 {},
  pages = 	 {165-170},
  year = 	 {2001},
  editor = 	 {N. Bi\'cani\'c},
  OPTvolume = 	 {},
  OPTnumber = 	 {},
  OPTseries = 	 {},
  OPTaddress = 	 {},
  month = 	 {June 6-8},
  OPTorganization = {},
  publisher = {University of Glasgow},
  OPTnote = 	 {},
  OPTannote = 	 {}
}




@InProceedings{chen:g2001,
  author = 	 {G. Chen and K. Zen and Y. Ohnishi and K. Kasama},
  title = 	 {Extensions to Manifold Method and Its Application},
  booktitle = 	 {Proceedings of the Fourth International 
Conference on Analysis of Discontinuous Deformation},
  OPTcrossref =  {},
  OPTkey = 	 {},
  pages = 	 {439-450},
  year = 	 {2001},
  editor = 	 {N. Bi\'cani\'c},
  OPTvolume = 	 {},
  OPTnumber = 	 {},
  OPTseries = 	 {},
  OPTaddress = 	 {},
  month = 	 {June 6-8},
  OPTorganization = {},
  publisher = {University of Glasgow},
  OPTnote = 	 {},
  OPTannote = 	 {}
}




@InProceedings{couples:g2001,
  author = 	 {G. Couples and S. Bourlange and P.
  Bartolome and H. Lewis},
  title = 	 {Grain Cracking, Grain Sliding and Volumetric
  Strains in Deforming Sandstone --- {DDA} Simulations of the
  Behavior of Porous, Granular Materials},
  booktitle = 	 {Proceedings of the Fourth International 
Conference on Analysis of Discontinuous Deformation},
  OPTcrossref =  {},
  OPTkey = 	 {},
  pages = 	 {159-164},
  year = 	 {2001},
  editor = 	 {N. Bi\'cani\'c},
  OPTvolume = 	 {},
  OPTnumber = 	 {},
  OPTseries = 	 {},
  OPTaddress = 	 {},
  month = 	 {June 6-8},
  OPTorganization = {},
  publisher = {University of Glasgow},
  OPTnote = 	 {},
  OPTannote = 	 {}
}




@InProceedings{dadetta:ga2001,
  author = 	 {G. A. {D'Adetta} and E. Ramm and F. Kun},
  title = 	 {Fracture Simulations of Cohesive 
  Frictional Materials by Discrete Element Models},
  booktitle = 	 {Proceedings of the Fourth International 
Conference on Analysis of Discontinuous Deformation},
  OPTcrossref =  {},
  OPTkey = 	 {},
  pages = 	 {135-158},
  year = 	 {2001},
  editor = 	 {N. Bi\'cani\'c},
  OPTvolume = 	 {},
  OPTnumber = 	 {},
  OPTseries = 	 {},
  OPTaddress = 	 {},
  month = 	 {June 6-8},
  OPTorganization = {},
  publisher = {University of Glasgow},
  OPTnote = 	 {},
  OPTannote = 	 {}
}



@InProceedings{davie:c2001,
  author = 	 {C. Davie and N. Bi\'cani\'c},
  title = 	 {Hydraulic Fracturing with Lattice Models},
  booktitle = 	 {Proceedings of the Fourth International 
Conference on Analysis of Discontinuous Deformation},
  OPTcrossref =  {},
  OPTkey = 	 {},
  pages = 	 {401-406},
  year = 	 {2001},
  editor = 	 {N. Bi\'cani\'c},
  OPTvolume = 	 {},
  OPTnumber = 	 {},
  OPTseries = 	 {},
  OPTaddress = 	 {},
  month = 	 {June 6-8},
  OPTorganization = {},
  publisher = {University of Glasgow},
  OPTnote = 	 {},
  OPTannote = 	 {}
}
@InProceedings{diebels:s2001,
  author = 	 {S. Diebels and W. Ehlers and T. Micheltisch},
  title = 	 {From disconinuous to Continuous Modelling 
  of Granular Materials},
  booktitle = 	 {Proceedings of the Fourth International 
Conference on Analysis of Discontinuous Deformation},
  OPTcrossref =  {},
  OPTkey = 	 {},
  pages = 	 {251-260},
  year = 	 {2001},
  editor = 	 {N. Bi\'cani\'c},
  OPTvolume = 	 {},
  OPTnumber = 	 {},
  OPTseries = 	 {},
  OPTaddress = 	 {},
  month = 	 {June 6-8},
  OPTorganization = {},
  publisher = {University of Glasgow},
  OPTnote = 	 {},
  OPTannote = 	 {}
}



@InProceedings{dimnet:e2001,
  author = 	 {E. Dimnet and M. Fremond},
  title = 	 {Evolution of Systems Made of Rigid Bodies},
  booktitle = 	 {Proceedings of the Fourth International 
Conference on Analysis of Discontinuous Deformation},
  OPTcrossref =  {},
  OPTkey = 	 {},
  pages = 	 {389-390},
  year = 	 {2001},
  editor = 	 {N. Bi\'cani\'c},
  OPTvolume = 	 {},
  OPTnumber = 	 {},
  OPTseries = 	 {},
  OPTaddress = 	 {},
  month = 	 {June 6-8},
  OPTorganization = {},
  publisher = {University of Glasgow},
  OPTnote = 	 {},
  OPTannote = 	 {Poster?}
}




@InProceedings{dvornik:j2001a,
  author = 	 {J. Dvornik and D. Lazarevi\'c},
  title = 	 {Selective Time Steps in Predictor/Corrector
  Methods Applied to Discrete Dynamic Models of Granular Assemblies},
  booktitle = 	 {Proceedings of the Fourth International 
Conference on Analysis of Discontinuous Deformation},
  OPTcrossref =  {},
  OPTkey = 	 {},
  pages = 	 {193-202},
  year = 	 {2001},
  editor = 	 {N. Bi\'cani\'c},
  OPTvolume = 	 {},
  OPTnumber = 	 {},
  OPTseries = 	 {},
  OPTaddress = 	 {},
  month = 	 {June 6-8},
  OPTorganization = {},
  publisher = {University of Glasgow},
  OPTnote = 	 {},
  OPTannote = 	 {}
}






@InProceedings{dvornik:j2001b,
  author = 	 {J. Dvornik and D. Lazerevi\'c},
  title = 	 {Reconnaissance of Vaults and Domes in 
  Granular Material},
  booktitle = 	 {Proceedings of the Fourth International 
Conference on Analysis of Discontinuous Deformation},
  OPTcrossref =  {},
  OPTkey = 	 {},
  pages = 	 {293-299},
  year = 	 {2001},
  editor = 	 {N. Bi\'cani\'c},
  OPTvolume = 	 {},
  OPTnumber = 	 {},
  OPTseries = 	 {},
  OPTaddress = 	 {},
  month = 	 {June 6-8},
  OPTorganization = {},
  publisher = {University of Glasgow},
  OPTnote = 	 {},
  OPTannote = 	 {}
}






@InProceedings{feng:yt2001a,
  author = 	 {Y. T. Feng and D. R. J. Owen},
  title = 	 {A Spatial Digital Tree Based Contact 
  Detection Algorithm},
  booktitle = 	 {Proceedings of the Fourth International 
Conference on Analysis of Discontinuous Deformation},
  OPTcrossref =  {},
  OPTkey = 	 {},
  pages = 	 {221-238},
  year = 	 {2001},
  editor = 	 {N. Bi\'cani\'c},
  OPTvolume = 	 {},
  OPTnumber = 	 {},
  OPTseries = 	 {},
  OPTaddress = 	 {},
  month = 	 {June 6-8},
  OPTorganization = {},
  publisher = {University of Glasgow},
  OPTnote = 	 {},
  OPTannote = 	 {}
}


@InProceedings{feng:yt2001b,
  author = 	 {Y. T. Feng and K. Han and D. R. J. Owen},
  title = 	 {Filling Domains with Disks},
  booktitle = 	 {Proceedings of the Fourth International 
Conference on Analysis of Discontinuous Deformation},
  OPTcrossref =  {},
  OPTkey = 	 {},
  pages = 	 {239-250},
  year = 	 {2001},
  editor = 	 {N. Bi\'cani\'c},
  OPTvolume = 	 {},
  OPTnumber = 	 {},
  OPTseries = 	 {},
  OPTaddress = 	 {},
  month = 	 {June 6-8},
  OPTorganization = {},
  publisher = {University of Glasgow},
  OPTnote = 	 {},
  OPTannote = 	 {}
}


@InProceedings{fresl:k2001,
  author = 	 {K. Fresl},
  title = 	 {Domain Analysis for the Programming Library
  Meshless Methods in Fracturing Solids},
  booktitle = 	 {Proceedings of the Fourth International 
  Conference on Analysis of Discontinuous Deformation},
  OPTcrossref =  {},
  OPTkey = 	 {},
  pages = 	 {171-192},
  year = 	 {2001},
  editor = 	 {N. Bi\'cani\'c},
  OPTvolume = 	 {},
  OPTnumber = 	 {},
  OPTseries = 	 {},
  OPTaddress = 	 {},
  month = 	 {June 6-8},
  OPTorganization = {},
  publisher = {University of Glasgow},
  OPTnote = 	 {},
  OPTannote = 	 {}
}





@InProceedings{goddard:j2001,
  author = 	 {J. Goddard},
  title = 	 {Delauney Triangulation of Granular Media},
  booktitle = 	 {Proceedings of the Fourth International 
Conference on Analysis of Discontinuous Deformation},
  OPTcrossref =  {},
  OPTkey = 	 {},
  pages = 	 {271-280},
  year = 	 {2001},
  editor = 	 {N. Bi\'cani\'c},
  OPTvolume = 	 {},
  OPTnumber = 	 {},
  OPTseries = 	 {},
  OPTaddress = 	 {},
  month = 	 {June 6-8},
  OPTorganization = {},
  publisher = {University of Glasgow},
  OPTnote = 	 {},
  OPTannote = 	 {}
}


@InProceedings{jendele:l2001,
  author = 	 {L. Jendele and V. Cervenka and V. Saoma and R. Pukl},
  title = 	 {On the Choice between discrete or smeared approach
  in practical structural FE analyses of concrete structures},
  booktitle = 	 {Proceedings of the Fourth International 
Conference on Analysis of Discontinuous Deformation},
  OPTcrossref =  {},
  OPTkey = 	 {},
  pages = 	 {203-220},
  year = 	 {2001},
  editor = 	 {N. Bi\'cani\'c},
  OPTvolume = 	 {},
  OPTnumber = 	 {},
  OPTseries = 	 {},
  OPTaddress = 	 {},
  month = 	 {June 6-8},
  OPTorganization = {},
  publisher = {University of Glasgow},
  OPTnote = 	 {},
  OPTannote = 	 {}
}






@InProceedings{ishikawa:t2001,
  author = 	 {T. Ishikawa and Y. Ohnishi},
  title = 	 {A Study of Time Dependency of Granular 
  Materials with {DDA}},
  booktitle = 	 {Proceedings of the Fourth International 
Conference on Analysis of Discontinuous Deformation},
  OPTcrossref =  {},
  OPTkey = 	 {},
  pages = 	 {271-280},
  year = 	 {2001},
  editor = 	 {N. Bi\'cani\'c},
  OPTvolume = 	 {},
  OPTnumber = 	 {},
  OPTseries = 	 {},
  OPTaddress = 	 {},
  month = 	 {June 6-8},
  OPTorganization = {},
  publisher = {University of Glasgow},
  OPTnote = 	 {},
  OPTannote = 	 {}
}




@InProceedings{lin:js2001b,
  author = 	 {J. S. Lin and C. Y. Koo and J. C. Chern},
  title = 	 {A Simulation of the Process of Slope Failure},
  booktitle = 	 {Proceedings of the Fourth International 
Conference on Analysis of Discontinuous Deformation},
  OPTcrossref =  {},
  OPTkey = 	 {},
  pages = 	 {461-472},
  year = 	 {2001},
  editor = 	 {N. Bi\'cani\'c},
  OPTvolume = 	 {},
  OPTnumber = 	 {},
  OPTseries = 	 {},
  OPTaddress = 	 {},
  month = 	 {June 6-8},
  OPTorganization = {},
  publisher = {University of Glasgow},
  OPTnote = 	 {},
  OPTannote = 	 {}
}





@InProceedings{lin:js2001a,
  author = 	 {J. S. Lin and R. M. Al-Zahrani},
  title = 	 {A Coupled {DDA} and Boundary Element Analysis},
  booktitle = 	 {Proceedings of the Fourth International 
Conference on Analysis of Discontinuous Deformation},
  OPTcrossref =  {},
  OPTkey = 	 {},
  pages = 	 {379-388},
  year = 	 {2001},
  editor = 	 {N. Bi\'cani\'c},
  OPTvolume = 	 {},
  OPTnumber = 	 {},
  OPTseries = 	 {},
  OPTaddress = 	 {},
  month = 	 {June 6-8},
  OPTorganization = {},
  publisher = {University of Glasgow},
  OPTnote = 	 {},
  OPTannote = 	 {}
}




@InProceedings{lu:m2001,
  author = 	 {M. Lu and B. Bostrom and G. Svano},
  title = 	 {Hydraulic Fracturing Simulation with 
  Numerical Manifold Method},
  booktitle = 	 {Proceedings of the Fourth International 
Conference on Analysis of Discontinuous Deformation},
  OPTcrossref =  {},
  OPTkey = 	 {},
  pages = 	 {391-400},
  year = 	 {2001},
  editor = 	 {N. Bi\'cani\'c},
  OPTvolume = 	 {},
  OPTnumber = 	 {},
  OPTseries = 	 {},
  OPTaddress = 	 {},
  month = 	 {June 6-8},
  OPTorganization = {},
  publisher = {University of Glasgow},
  OPTnote = 	 {},
  OPTannote = 	 {}
}

@InProceedings{maclaughlin:mm2001b,
  author = 	 {M. M. MacLaughlin and R. D. Langston},
  title = 	 {Discrete Element Analysis of a Mine Stope 
  in Blocky Rock: A comparison study of {DDA} and {UDEC}},
  booktitle = 	 {Proceedings of the Fourth International 
Conference on Analysis of Discontinuous Deformation},
  OPTcrossref =  {},
  OPTkey = 	 {},
  pages = 	 {111-120},
  year = 	 {2001},
  editor = 	 {N. Bi\'cani\'c},
  OPTvolume = 	 {},
  OPTnumber = 	 {},
  OPTseries = 	 {},
  OPTaddress = 	 {},
  month = 	 {June 6-8},
  OPTorganization = {},
  publisher = {University of Glasgow},
  OPTnote = 	 {},
  OPTannote = 	 {}
}

@InProceedings{mcbride:at2001a,
  author = 	 {A. McBride and F. Scheele},
  title = 	 {Investigation of Discontinuous Deformation
  Analysis Using Physical Laboratory Models},
  booktitle = 	 {Proceedings of the Fourth International 
Conference on Analysis of Discontinuous Deformation},
  OPTcrossref =  {},
  OPTkey = 	 {},
  pages = 	 {73-82},
  year = 	 {2001},
  editor = 	 {N. Bi\'cani\'c},
  OPTvolume = 	 {},
  OPTnumber = 	 {},
  OPTseries = 	 {},
  OPTaddress = 	 {},
  month = 	 {June 6-8},
  OPTorganization = {},
  publisher = {University of Glasgow},
  OPTnote = 	 {},
  OPTannote = 	 {}
}




@InProceedings{miyata:m2001,
  author = 	 {M. Miyata and T. Sugano and G. G. W. Mustoe
  M. Nakagawa},
  title = 	 {Study of Constant Force Distributions on the 
  Bottom Plate of a Caisson resting on Rubble Rock Foundation},
  booktitle = 	 {Proceedings of the Fourth International 
Conference on Analysis of Discontinuous Deformation},
  OPTcrossref =  {},
  OPTkey = 	 {},
  pages = 	 {83-96},
  year = 	 {2001},
  editor = 	 {N. Bi\'cani\'c},
  OPTvolume = 	 {},
  OPTnumber = 	 {},
  OPTseries = 	 {},
  OPTaddress = 	 {},
  month = 	 {June 6-8},
  OPTorganization = {},
  publisher = {University of Glasgow},
  OPTnote = 	 {},
  OPTannote = 	 {}
}


@InProceedings{munjiza:a2001,
  author = 	 {A. Munjiza and J. P. Latham and N. W. M. John},
  title = 	 {Transient Motion of Irregular 3D Discrete Elements},
  booktitle = 	 {Proceedings of the Fourth International 
Conference on Analysis of Discontinuous Deformation},
  OPTcrossref =  {},
  OPTkey = 	 {},
  pages = 	 {23-34},
  year = 	 {2001},
  editor = 	 {N. Bi\'cani\'c},
  OPTvolume = 	 {},
  OPTnumber = 	 {},
  OPTseries = 	 {},
  OPTaddress = 	 {},
  month = 	 {June 6-8},
  OPTorganization = {},
  publisher = {University of Glasgow},
  OPTnote = 	 {},
  OPTannote = 	 {}
}




@InProceedings{ohnishi:y2001a,
  author = 	 {Y. Ohnishi and H. Ohtsu and S. Nishiyama and 
  T. Koyama and J. H. Wu},
  title = 	 {Deformation Analysis Considering Water Effect
  by Manifold Method},
  booktitle = 	 {Proceedings of the Fourth International 
Conference on Analysis of Discontinuous Deformation},
  OPTcrossref =  {},
  OPTkey = 	 {},
  pages = 	 {47-62},
  year = 	 {2001},
  editor = 	 {N. Bi\'cani\'c},
  OPTvolume = 	 {},
  OPTnumber = 	 {},
  OPTseries = 	 {},
  OPTaddress = 	 {},
  month = 	 {June 6-8},
  OPTorganization = {},
  publisher = {University of Glasgow},
  OPTnote = 	 {},
  OPTannote = 	 {}
}



@InProceedings{ohnishi:y2001b,
  author = 	 {Y. Ohnishi and H. Niida and M. Ryu and G. Xiurun},
  title = 	 {An Application of Key Block Analysis to Large 
  Section Tunnel Excavation},
  booktitle = 	 {Proceedings of the Fourth International 
Conference on Analysis of Discontinuous Deformation},
  OPTcrossref =  {},
  OPTkey = 	 {},
  pages = 	 {357-366},
  year = 	 {2001},
  editor = 	 {N. Bi\'cani\'c},
  OPTvolume = 	 {},
  OPTnumber = 	 {},
  OPTseries = 	 {},
  OPTaddress = 	 {},
  month = 	 {June 6-8},
  OPTorganization = {},
  publisher = {University of Glasgow},
  OPTnote = 	 {},
  OPTannote = 	 {}
}


@InProceedings{osullivan:c2001,
  author = 	 {C. {O'Sullivan} and J. D. Bray},
  title = 	 {A Comparative Evaluation of Two 
  Approaches to Discrete Element Modelling Particulate Media},
  booktitle = 	 {Proceedings of the Fourth International 
Conference on Analysis of Discontinuous Deformation},
  OPTcrossref =  {},
  OPTkey = 	 {},
  pages = 	 {97-110},
  year = 	 {2001},
  editor = 	 {N. Bi\'cani\'c},
  OPTvolume = 	 {},
  OPTnumber = 	 {},
  OPTseries = 	 {},
  OPTaddress = 	 {},
  month = 	 {June 6-8},
  OPTorganization = {},
  publisher = {University of Glasgow},
  OPTnote = 	 {},
  OPTannote = 	 {}
}




@InProceedings{owen:drj2001,
  author = 	 {D. R. J. Owen and Y. T. Feng},
  title = 	 {Parallel Processing Strategies for Particulates
  and Multi-fracturing solids},
  booktitle = 	 {Proceedings of the Fourth International 
Conference on Analysis of Discontinuous Deformation},
  OPTcrossref =  {},
  OPTkey = 	 {},
  pages = 	 {299-314},
  year = 	 {2001},
  editor = 	 {N. Bi\'cani\'c},
  OPTvolume = 	 {},
  OPTnumber = 	 {},
  OPTseries = 	 {},
  OPTaddress = 	 {},
  month = 	 {June 6-8},
  OPTorganization = {},
  publisher = {University of Glasgow},
  OPTnote = 	 {},
  OPTannote = 	 {}
}



@InProceedings{perkins:e2001,
  author = 	 {E. Perkins and J. Williams},
  title = 	 {CGrid: Neighbor Searching for Many Body 
  Simulation},
  booktitle = 	 {Proceedings of the Fourth International 
Conference on Analysis of Discontinuous Deformation},
  OPTcrossref =  {},
  OPTkey = 	 {},
  pages = 	 {427-438},
  year = 	 {2001},
  editor = 	 {N. Bi\'cani\'c},
  OPTvolume = 	 {},
  OPTnumber = 	 {},
  OPTseries = 	 {},
  OPTaddress = 	 {},
  month = 	 {June 6-8},
  OPTorganization = {},
  publisher = {University of Glasgow},
  OPTnote = 	 {},
  OPTannote = 	 {}
}




@InProceedings{roberts:dp2001,
  author = 	 {D. P. Roberts},
  title = 	 {The Influence of Tunnel Shape on Damage
  and Fracture Propagation at Ultra Depth},
  booktitle = 	 {Proceedings of the Fourth International 
Conference on Analysis of Discontinuous Deformation},
  OPTcrossref =  {},
  OPTkey = 	 {},
  pages = 	 {35-46},
  year = 	 {2001},
  editor = 	 {N. Bi\'cani\'c},
  OPTvolume = 	 {},
  OPTnumber = 	 {},
  OPTseries = 	 {},
  OPTaddress = 	 {},
  month = 	 {June 6-8},
  OPTorganization = {},
  publisher = {University of Glasgow},
  OPTnote = 	 {},
  OPTannote = 	 {}
}



@InProceedings{rouainia:m2001,
  author = 	 {M. Rouainia and C. Pearce and N. Bi\'cani\'c},
  title = 	 {{HYDRO-DDA} Modelling of Fractured Mudrock Seals},
  booktitle = 	 {Proceedings of the Fourth International 
Conference on Analysis of Discontinuous Deformation},
  OPTcrossref =  {},
  OPTkey = 	 {},
  pages = 	 {413-424},
  year = 	 {2001},
  editor = 	 {N. Bi\'cani\'c},
  OPTvolume = 	 {},
  OPTnumber = 	 {},
  OPTseries = 	 {},
  OPTaddress = 	 {},
  month = 	 {June 6-8},
  OPTorganization = {},
  publisher = {University of Glasgow},
  OPTnote = 	 {},
  OPTannote = 	 {}
}



@InProceedings{sasaki:t2001,
  author = 	 {T. Sasaki and Y. Ohnishi},
  title = 	 {Analysis of the Discontinuous Rock Mass by 
  four node iso-parametric Manifold Method},
  booktitle = 	 {Proceedings of the Fourth International 
Conference on Analysis of Discontinuous Deformation},
  OPTcrossref =  {},
  OPTkey = 	 {},
  pages = 	 {369-378},
  year = 	 {2001},
  editor = 	 {N. Bi\'cani\'c},
  OPTvolume = 	 {},
  OPTnumber = 	 {},
  OPTseries = 	 {},
  OPTaddress = 	 {},
  month = 	 {June 6-8},
  OPTorganization = {},
  publisher = {University of Glasgow},
  OPTnote = 	 {},
  OPTannote = 	 {}
}




@InProceedings{sellers:ej2001,
  author = 	 {E. J. Sellers},
  title = 	 {Modelling of Continuum to Discontinuum Transitions
  for Deep Level Mining},
  booktitle = 	 {Proceedings of the Fourth International 
Conference on Analysis of Discontinuous Deformation},
  OPTcrossref =  {},
  OPTkey = 	 {},
  pages = 	 {63-73},
  year = 	 {2001},
  editor = 	 {N. Bi\'cani\'c},
  OPTvolume = 	 {},
  OPTnumber = 	 {},
  OPTseries = 	 {},
  OPTaddress = 	 {},
  month = 	 {June 6-8},
  OPTorganization = {},
  publisher = {University of Glasgow},
  OPTnote = 	 {},
  OPTannote = 	 {}
}



@InProceedings{shi:gh2001,
  title = 	 {Three Dimensional DIscontinuous Deformation Analysis},
  author = 	 {G. H. Shi},
  booktitle = 	 {Proceedings of the Fourth International 
Conference on Analysis of Discontinuous Deformation},
  OPTcrossref =  {},
  OPTkey = 	 {},
  pages = 	 {1-22},
  year = 	 {2001},
  editor = 	 {N. Bi\'cani\'c},
  OPTvolume = 	 {},
  OPTnumber = 	 {},
  OPTseries = 	 {},
  OPTaddress = 	 {},
  month = 	 {June 6-8},
  OPTorganization = {},
  publisher = {University of Glasgow},
  OPTnote = 	 {},
  OPTannote = 	 {}
}




@InProceedings{shimauchi:t2001,
  author = 	 {T. Shimauchi and N. Sakai and Y. Ohnishi},
  title = 	 {Fundamental Study of Mechanical Behaviors
  of Rockfalls by Imaging Analysis},
  booktitle = 	 {Proceedings of the Fourth International 
Conference on Analysis of Discontinuous Deformation},
  OPTcrossref =  {},
  OPTkey = 	 {},
  pages = 	 {473-482},
  year = 	 {2001},
  editor = 	 {N. Bi\'cani\'c},
  OPTvolume = 	 {},
  OPTnumber = 	 {},
  OPTseries = 	 {},
  OPTaddress = 	 {},
  month = 	 {June 6-8},
  OPTorganization = {},
  publisher = {University of Glasgow},
  OPTnote = 	 {},
  OPTannote = 	 {}
}






@InProceedings{sugano:t2001,
  author = 	 {T. Sugano and M. Miyata and M. Nakagawa
  and G. G. W. Mustoe},
  title = 	 {Effects of Small Particles on the Shear 
  Strength of a Particulate System of Binary Mixtures},
  booktitle = 	 {Proceedings of the Fourth International 
Conference on Analysis of Discontinuous Deformation},
  OPTcrossref =  {},
  OPTkey = 	 {},
  pages = 	 {49-356},
  year = 	 {2001},
  editor = 	 {N. Bi\'cani\'c},
  OPTvolume = 	 {},
  OPTnumber = 	 {},
  OPTseries = 	 {},
  OPTaddress = 	 {},
  month = 	 {June 6-8},
  OPTorganization = {},
  publisher = {University of Glasgow},
  OPTnote = 	 {},
  OPTannote = 	 {}
}




@InProceedings{sun:y2001,
  author = 	 {Y. Sun and S. Miki},
  title = 	 {A Study on Coupling Calculation of Manifold
  Method and Saturated-Unsaturated Flow Analysis},
  booktitle = 	 {Proceedings of the Fourth International 
Conference on Analysis of Discontinuous Deformation},
  OPTcrossref =  {},
  OPTkey = 	 {},
  pages = 	 {407-412},
  year = 	 {2001},
  editor = 	 {N. Bi\'cani\'c},
  OPTvolume = 	 {},
  OPTnumber = 	 {},
  OPTseries = 	 {},
  OPTaddress = 	 {},
  month = 	 {June 6-8},
  OPTorganization = {},
  publisher = {University of Glasgow},
  OPTnote = 	 {},
  OPTannote = 	 {}
}




@InProceedings{tien:hs2001,
  author = 	 {H. S. Tien and S. G. Paikowsky},
  title = 	 {The Arching Mechanism on the Micro 
  Level Utilizing Photoelastic Particles},
  booktitle = 	 {Proceedings of the Fourth International 
Conference on Analysis of Discontinuous Deformation},
  OPTcrossref =  {},
  OPTkey = 	 {},
  pages = 	 {317-336},
  year = 	 {2001},
  editor = 	 {N. Bi\'cani\'c},
  OPTvolume = 	 {},
  OPTnumber = 	 {},
  OPTseries = 	 {},
  OPTaddress = 	 {},
  month = 	 {June 6-8},
  OPTorganization = {},
  publisher = {University of Glasgow},
  OPTnote = 	 {},
  OPTannote = 	 {}
}

@InProceedings{vanmier:j2001,
  author = 	 {J. van Mier and G. Lilliu},
  title = 	 {Three Dimensional Lattice Model for 
  Fracture Analysis of Particle Composites},
  booktitle = 	 {Proceedings of the Fourth International 
Conference on Analysis of Discontinuous Deformation},
  OPTcrossref =  {},
  OPTkey = 	 {},
  pages = 	 {121-134},
  year = 	 {2001},
  editor = 	 {N. Bi\'cani\'c},
  OPTvolume = 	 {},
  OPTnumber = 	 {},
  OPTseries = 	 {},
  OPTaddress = 	 {},
  month = 	 {June 6-8},
  OPTorganization = {},
  publisher = {University of Glasgow},
  OPTnote = 	 {},
  OPTannote = 	 {}
}




@InProceedings{wang:gx2001,
  author = 	 {G. X. Wang and W. Shiulin and Z. Guang and G. Xiurun},
  title = 	 {Two Extensions to Key Theory},
  booktitle = 	 {Proceedings of the Fourth International 
Conference on Analysis of Discontinuous Deformation},
  OPTcrossref =  {},
  OPTkey = 	 {},
  pages = 	 {367-368},
  year = 	 {2001},
  editor = 	 {N. Bi\'cani\'c},
  OPTvolume = 	 {},
  OPTnumber = 	 {},
  OPTseries = 	 {},
  OPTaddress = 	 {},
  month = 	 {June 6-8},
  OPTorganization = {},
  publisher = {University of Glasgow},
  OPTnote = 	 {},
  OPTannote = 	 {Poster?}
}




@InProceedings{wells:gn2001,
  author = 	 {G. N. Wells and L. J. Sluys and R. de Boorst},
  title = 	 {A new Method for simulating Discontinuities 
  using finite elements},
  booktitle = 	 {Proceedings of the Fourth International 
Conference on Analysis of Discontinuous Deformation},
  OPTcrossref =  {},
  OPTkey = 	 {},
  pages = 	 {451-460},
  year = 	 {2001},
  editor = 	 {N. Bi\'cani\'c},
  OPTvolume = 	 {},
  OPTnumber = 	 {},
  OPTseries = 	 {},
  OPTaddress = 	 {},
  month = 	 {June 6-8},
  OPTorganization = {},
  publisher = {University of Glasgow},
  OPTnote = 	 {},
  OPTannote = 	 {}
}




@InProceedings{williams:jr2001,
  author = 	 {J. R. Williams and E. Perkins and B. Cook and 
  D. Preece},
  title = 	 {An Educational Simulator for Multibody Physics},
  booktitle = 	 {Proceedings of the Fourth International 
Conference on Analysis of Discontinuous Deformation},
  OPTcrossref =  {},
  OPTkey = 	 {},
  pages = 	 {473-494},
  year = 	 {2001},
  editor = 	 {N. Bi\'cani\'c},
  OPTvolume = 	 {},
  OPTnumber = 	 {},
  OPTseries = 	 {},
  OPTaddress = 	 {},
  month = 	 {June 6-8},
  OPTorganization = {},
  publisher = {University of Glasgow},
  OPTnote = 	 {},
  OPTannote = 	 {}
}


@InProceedings{zhang:gx2001a,
  author = 	 {G. X. Zhang and G. X. Li and Y. Sugiura and 
  H. Hasegawa},
  title = 	 {Simulation of Granular Materials by Discontinuous 
  Deformation Analysis},
  booktitle = 	 {Proceedings of the Fourth International 
Conference on Analysis of Discontinuous Deformation},
  OPTcrossref =  {},
  OPTkey = 	 {},
  pages = 	 {315},
  year = 	 {2001},
  editor = 	 {N. Bi\'cani\'c},
  OPTvolume = 	 {},
  OPTnumber = 	 {},
  OPTseries = 	 {},
  OPTaddress = 	 {},
  month = 	 {June 6-8},
  OPTorganization = {},
  publisher = {University of Glasgow},
  OPTnote = 	 {},
  OPTannote = 	 {Poster?}
}




@InProceedings{zhang:gx2001b,
  author = 	 {G. X. Zhang and X. F. Wu and Y. Sugiura and H. Hasegawa},
  title = 	 {Coupled Hydro-mechanical Analysis of Jointed Rock 
  Masses by Manifold Method},
  booktitle = 	 {Proceedings of the Fourth International 
Conference on Analysis of Discontinuous Deformation},
  OPTcrossref =  {},
  OPTkey = 	 {},
  pages = 	 {425},
  year = 	 {2001},
  editor = 	 {N. Bi\'cani\'c},
  OPTvolume = 	 {},
  OPTnumber = 	 {},
  OPTseries = 	 {},
  OPTaddress = 	 {},
  month = 	 {June 6-8},
  OPTorganization = {},
  publisher = {University of Glasgow},
  OPTnote = 	 {},
  OPTannote = 	 {Poster?}
}




