%%%
%%% Start of complete proceedings bib file

@String{TITLE={Proceedings of the First International 
Conference on Analysis of Discontinuous Deformation}}



@InProceedings{chao:sj1995,
  author = 	 {S.-J. Chao and C. S. Chang},
  title = 	 {Discrete element analysis for limit
equilibrium problems in geotechnical engineering},
  booktitle = 	 TITLE,
  OPTcrossref =  {},
  OPTkey = 	 {},
  pages = 	 {337-359},
  year = 	 {1995},
  editor = 	 {J. C. Li and C.-Y. Wang and J. Sheng},
  OPTvolume = 	 {},
  OPTnumber = 	 {},
  OPTseries = 	 {},
  address = 	 {Chungli, Taiwan ROC},
  month = 	 {Dec. 21-23},
  organization = {National Central University},
  OPTpublisher = {},
  OPTnote = 	 {},
  OPTannote = 	 {},
  comment   =    {}
}


@InProceedings{chang:cs1995,
  author = 	 {C. S. Chang},
  title = 	 {Recent advances in granular mechanics},
  booktitle = 	 TITLE,
  OPTcrossref =  {},
  OPTkey = 	 {},
  pages = 	 {298-310},
  year = 	 {1995},
  editor = 	 {J. C. Li and C.-Y. Wang and J. Sheng},
  OPTvolume = 	 {},
  OPTnumber = 	 {},
  OPTseries = 	 {},
  address = 	 {Chungli, Taiwan ROC},
  month = 	 {Dec. 21-23},
  organization = {National Central University},
  OPTpublisher = {},
  OPTnote = 	 {},
  OPTannote = 	 {},
  comment   =    {}
}

@InProceedings{chang:ct1995,
  author = 	 {C.-T. Chang},
  title = 	 {Nonlinear dynamic discontinuous deformation 
analysis with finite element mesh in each block},
  booktitle = 	 TITLE,
  OPTcrossref =  {},
  OPTkey = 	 {},
  pages = 	 {395-419},
  year = 	 {1995},
  editor = 	 {J. C. Li and C.-Y. Wang and J. Sheng},
  OPTvolume = 	 {},
  OPTnumber = 	 {},
  OPTseries = 	 {},
  address = 	 {Chungli, Taiwan ROC},
  month = 	 {Dec. 21-23},
  organization = {National Central University},
  OPTpublisher = {},
  OPTnote = 	 {},
  OPTannote = 	 {},
  comment   =    {}
}


@InProceedings{chen:s1995,
  author = 	 {S. Chen and J. C. Chern and C. Y. Koo},
  title = 	 {Study on performance of tunnel near slope
by {DDA}},
  booktitle = 	 TITLE,
  OPTcrossref =  {},
  OPTkey = 	 {},
  pages = 	 {109-123},
  year = 	 {1995},
  editor = 	 {J. C. Li and C.-Y. Wang and J. Sheng},
  OPTvolume = 	 {},
  OPTnumber = 	 {},
  OPTseries = 	 {},
  address = 	 {Chungli, Taiwan ROC},
  month = 	 {Dec. 21-23},
  organization = {National Central University},
  OPTpublisher = {},
  OPTnote = 	 {},
  OPTannote = 	 {},
  comment   =    {}
}

@InProceedings{chiou:yj1995,
  author = 	 {Y.-J. Chiou and J.-C. Tzeng and M.-J. Lin},
  title = 	 {Discontinuous deformation analysis for 
masonry structures},
  booktitle = 	 TITLE,
  OPTcrossref =  {},
  OPTkey = 	 {},
  pages = 	 {288-297},
  year = 	 {1995},
  editor = 	 {J. C. Li and C.-Y. Wang and J. Sheng},
  OPTvolume = 	 {},
  OPTnumber = 	 {},
  OPTseries = 	 {},
  address = 	 {Chungli, Taiwan ROC},
  month = 	 {Dec. 21-23},
  organization = {National Central University},
  OPTpublisher = {},
  OPTnote = 	 {},
  OPTannote = 	 {},
  comment   =    {}
}


@InProceedings{huang:ab1995,
  author = 	 {A.-B. Huang and M.-C. Hsiao and Y.-C. Lu},
  title = 	 {{DDA} simulation of a graded particle 
assembly under shear},
  booktitle = 	 TITLE,
  OPTcrossref =  {},
  OPTkey = 	 {},
  pages = 	 {360-372},
  year = 	 {1995},
  editor = 	 {J. C. Li and C.-Y. Wang and J. Sheng},
  OPTvolume = 	 {},
  OPTnumber = 	 {},
  OPTseries = 	 {},
  address = 	 {Chungli, Taiwan ROC},
  month = 	 {Dec. 21-23},
  organization = {National Central University},
  OPTpublisher = {},
  OPTnote = 	 {},
  OPTannote = 	 {},
  comment   =    {}
}


@InProceedings{huang:tk1995,
  author = 	 {T.-K. Huang},
  title = 	 {The discontinuous deformation analysis 
of {``H''} block retaining wall},
  booktitle = 	 TITLE,
  OPTcrossref =  {},
  OPTkey = 	 {},
  pages = 	 {274-287},
  year = 	 {1995},
  editor = 	 {J. C. Li and C.-Y. Wang and J. Sheng},
  OPTvolume = 	 {},
  OPTnumber = 	 {},
  OPTseries = 	 {},
  address = 	 {Chungli, Taiwan ROC},
  month = 	 {Dec. 21-23},
  organization = {National Central University},
  OPTpublisher = {},
  OPTnote = 	 {},
  OPTannote = 	 {},
  comment   =    {}
}


@InProceedings{jing:lr1995,
  author = 	 {L. R. Jing},
  title = 	 {A 3{D} constitutive model for rock joints 
and and {DEM} analysis},
  booktitle = 	 TITLE,
  OPTcrossref =  {},
  OPTkey = 	 {},
  pages = 	 {311-325},
  year = 	 {1995},
  editor = 	 {J. C. Li and C.-Y. Wang and J. Sheng},
  OPTvolume = 	 {},
  OPTnumber = 	 {},
  OPTseries = 	 {},
  address = 	 {Chungli, Taiwan ROC},
  month = 	 {Dec. 21-23},
  organization = {National Central University},
  OPTpublisher = {},
  OPTnote = 	 {},
  OPTannote = 	 {},
  comment   =    {}
}


@InProceedings{ke:tc1995a,
  author = 	 {T. C. ke},
  title = 	 {{DDA} combined with artificial 
joints concept},
  booktitle = 	 TITLE,
  OPTcrossref =  {},
  OPTkey = 	 {},
  pages = 	 {124-139},
  year = 	 {1995},
  editor = 	 {J. C. Li and C.-Y. Wang and J. Sheng},
  OPTvolume = 	 {},
  OPTnumber = 	 {},
  OPTseries = 	 {},
  address = 	 {Chungli, Taiwan ROC},
  month = 	 {Dec. 21-23},
  organization = {National Central University},
  OPTpublisher = {},
  OPTnote = 	 {},
  OPTannote = 	 {},
  comment   =    {}
}



@InProceedings{ke:tc1995b,
  author = 	 {T.-C. Ke},
  title = 	 {Modification of {DDA} with respect 
to rigid body rotation},
  booktitle = 	 TITLE,
  OPTcrossref =  {},
  OPTkey = 	 {},
  pages = 	 {260-273},
  year = 	 {1995},
  editor = 	 {J. C. Li and C.-Y. Wang and J. Sheng},
  OPTvolume = 	 {},
  OPTnumber = 	 {},
  OPTseries = 	 {},
  address = 	 {Chungli, Taiwan ROC},
  month = 	 {Dec. 21-23},
  organization = {National Central University},
  OPTpublisher = {},
  OPTnote = 	 {},
  OPTannote = 	 {},
  comment   =    {}
}


@InProceedings{koo:cy1995,
  author = 	 {C. Y. Koo and J. C. Chern and
S. Chen},
  title = 	 {Development of second order displacement 
function for {DDA}},
  booktitle = 	 TITLE,
  OPTcrossref =  {},
  OPTkey = 	 {},
  pages = 	 {91-108},
  year = 	 {1995},
  editor = 	 {J. C. Li and C.-Y. Wang and J. Sheng},
  OPTvolume = 	 {},
  OPTnumber = 	 {},
  OPTseries = 	 {},
  address = 	 {Chungli, Taiwan ROC},
  month = 	 {Dec. 21-23},
  organization = {National Central University},
  OPTpublisher = {},
  OPTnote = 	 {},
  OPTannote = 	 {},
  comment   =    {}
}


@InProceedings{liao:cl1995,
  title = 	 {Nonlinear upper bound and lower bound
analysis model for granular mechanics},
  author = 	 {C.-L. Liao and D.-H. Yang},
  booktitle = 	 TITLE,
  OPTcrossref =  {},
  OPTkey = 	 {},
  pages = 	 {326-336},
  year = 	 {1995},
  editor = 	 {J. C. Li and C.-Y. Wang and J. Sheng},
  OPTvolume = 	 {},
  OPTnumber = 	 {},
  OPTseries = 	 {},
  address = 	 {Chungli, Taiwan ROC},
  month = 	 {Dec. 21-23},
  organization = {National Central University},
  OPTpublisher = {},
  OPTnote = 	 {},
  OPTannote = 	 {},
  comment   =    {}
}



@InProceedings{lin:ct1995,
  author = 	 {C. T. Lin and B. Amadei and S. Ouyang and 
C. Huang},
  title = 	 {Development of fracturing 
algorithms for jointed rock masses with discontinuous 
deformation analysis},
  booktitle = 	 TITLE,
  OPTcrossref =  {},
  OPTkey = 	 {},
  pages = 	 {64-90},
  year = 	 {1995},
  editor = 	 {J. C. Li and C.-Y. Wang and J. Sheng},
  OPTvolume = 	 {},
  OPTnumber = 	 {},
  OPTseries = 	 {},
  address = 	 {Chungli, Taiwan ROC},
  month = 	 {Dec. 21-23},
  organization = {National Central University},
  OPTpublisher = {},
  OPTnote = 	 {},
  OPTannote = 	 {},
  comment   =    {}
}



@InProceedings{lin:d1995,
  author = 	 {D. Lin},
  title = 	 {Discontinuous modeling and 
rock mass instability problems},
  booktitle = 	 TITLE,
  OPTcrossref =  {},
  OPTkey = 	 {},
  pages = 	 {48-63},
  year = 	 {1995},
  editor = 	 {J. C. Li and C.-Y. Wang and J. Sheng},
  OPTvolume = 	 {},
  OPTnumber = 	 {},
  OPTseries = 	 {},
  address = 	 {Chungli, Taiwan ROC},
  month = 	 {Dec. 21-23},
  organization = {National Central University},
  OPTpublisher = {},
  OPTnote = 	 {},
  OPTannote = 	 {},
  comment   =    {}
}



@InProceedings{lin:js1995,
  author = 	 {J. S. Lin},
  title = 	 {Continuous and discontinuous analysis 
using the manifold method},
  booktitle = 	 TITLE,
  OPTcrossref =  {},
  OPTkey = 	 {},
  pages = 	 {223-241},
  year = 	 {1995},
  editor = 	 {J. C. Li and C.-Y. Wang and J. Sheng},
  OPTvolume = 	 {},
  OPTnumber = 	 {},
  OPTseries = 	 {},
  address = 	 {Chungli, Taiwan ROC},
  month = 	 {Dec. 21-23},
  organization = {National Central University},
  OPTpublisher = {},
  OPTnote = 	 {},
  OPTannote = 	 {},
  comment   =    {}
}


@InProceedings{munjiza:a1995,
  author = 	 {A. Munjiza and D. J. R. Owen and G. J. Huang},
  title = 	 {Modeling aspects of discrete/finite
element technology in continuum and fracture},
  booktitle = 	 TITLE,
  OPTcrossref =  {},
  OPTkey = 	 {},
  pages = 	 {164-186},
  year = 	 {1995},
  editor = 	 {J. C. Li and C.-Y. Wang and J. Sheng},
  OPTvolume = 	 {},
  OPTnumber = 	 {},
  OPTseries = 	 {},
  address = 	 {Chungli, Taiwan ROC},
  month = 	 {Dec. 21-23},
  organization = {National Central University},
  OPTpublisher = {},
  OPTnote = 	 {},
  OPTannote = 	 {},
  comment   =    {}
}



@InProceedings{ohnishi:y1995:ICADD1,
  author = 	 {Y. Ohnishi and G. Chen and S. Miki},
  title = 	 {Recent development of {DDA} in rock 
mechanics},
  booktitle = 	 TITLE,
  OPTcrossref =  {},
  OPTkey = 	 {},
  pages = 	 {26-47},
  year = 	 {1995},
  editor = 	 {J. C. Li and C.-Y. Wang and J. Sheng},
  OPTvolume = 	 {},
  OPTnumber = 	 {},
  OPTseries = 	 {},
  address = 	 {Chungli, Taiwan ROC},
  month = 	 {Dec. 21-23},
  organization = {National Central University},
  OPTpublisher = {},
  OPTnote = 	 {},
  OPTannote = 	 {},
  comment   =    {}
}



@InProceedings{shi:gh1995a,
  author = 	 {G. H. Shi},
  title = 	 {Simplex integration for manifold 
method and discontinuous deformation analysis},
  booktitle = 	 TITLE,
  OPTcrossref =  {},
  OPTkey = 	 {},
  pages = 	 {1-25},
  year = 	 {1995},
  editor = 	 {J. C. Li and C.-Y. Wang and J. Sheng},
  OPTvolume = 	 {},
  OPTnumber = 	 {},
  OPTseries = 	 {},
  address = 	 {Chungli, Taiwan ROC},
  month = 	 {Dec. 21-23},
  organization = {National Central University},
  OPTpublisher = {},
  OPTnote = 	 {},
  OPTannote = 	 {},
  comment   =    {}
}


@InProceedings{shi:gh1995b,
  author = 	 {G. H. Shi},
  title = 	 {Numerical manifold method},
  booktitle = 	 TITLE,
  OPTcrossref =  {},
  OPTkey = 	 {},
  pages = 	 {187-222},
  year = 	 {1995},
  editor = 	 {J. C. Li and C.-Y. Wang and J. Sheng},
  OPTvolume = 	 {},
  OPTnumber = 	 {},
  OPTseries = 	 {},
  address = 	 {Chungli, Taiwan ROC},
  month = 	 {Dec. 21-23},
  organization = {National Central University},
  OPTpublisher = {},
  OPTnote = 	 {},
  OPTannote = 	 {},
  comment   =    {}
}


@InProceedings{shyu:kk1995,
  author = 	 {K. K. Shyu and R. Salami},
  title = 	 {Nodal-based discontinuous deformation 
analysis with four node isoparametric finite element mesh},
  booktitle = 	 TITLE,
  OPTcrossref =  {},
  OPTkey = 	 {},
  pages = 	 {373-394},
  year = 	 {1995},
  editor = 	 {J. C. Li and C.-Y. Wang and J. Sheng},
  OPTvolume = 	 {},
  OPTnumber = 	 {},
  OPTseries = 	 {},
  address = 	 {Chungli, Taiwan ROC},
  month = 	 {Dec. 21-23},
  organization = {National Central University},
  OPTpublisher = {},
  OPTnote = 	 {},
  OPTannote = 	 {},
  comment   =    {}
}


@InProceedings{ting:ec1995,
  author = 	 {E. C. Ting Y.-K. Wang and A. Pan},
  title = 	 {Algorithm for the transition from 
continuous to discontinuous and free bodies in finite 
element failure analysis},
  booktitle = 	 TITLE,
  OPTcrossref =  {},
  OPTkey = 	 {},
  pages = 	 {140-163},
  year = 	 {1995},
  editor = 	 {J. C. Li and C.-Y. Wang and J. Sheng},
  OPTvolume = 	 {},
  OPTnumber = 	 {},
  OPTseries = 	 {},
  address = 	 {Chungli, Taiwan ROC},
  month = 	 {Dec. 21-23},
  organization = {National Central University},
  OPTpublisher = {},
  OPTnote = 	 {},
  OPTannote = 	 {},
  comment   =    {}
}


@InProceedings{tsai:f1995,
  author = 	 {F. Tsai},
  title = 	 {Formulation and solution scheme of the 
nonlinear contact problem in the {DDA} method},
  booktitle = 	 TITLE,
  OPTcrossref =  {},
  OPTkey = 	 {},
  pages = 	 {242-259},
  year = 	 {1995},
  editor = 	 {J. C. Li and C.-Y. Wang and J. Sheng},
  OPTvolume = 	 {},
  OPTnumber = 	 {},
  OPTseries = 	 {},
  address = 	 {Chungli, Taiwan ROC},
  month = 	 {Dec. 21-23},
  organization = {National Central University},
  OPTpublisher = {},
  OPTnote = 	 {},
  OPTannote = 	 {},
  comment   =    {Tsai explains how the open-close iteration 
works in DDA.  He states that the problem is nonlinear because
it is frictionally dissipative, a claim which I do not yet 
quite understand.  He may mean that the construction of the 
contact coupling matrices as part of the frictional contact model 
induces geometric nonlinearity into the scheme.}
}


@InProceedings{tsai:js1995,
  author = 	 {J. S. Tsai and W. C. Wang},
  title = 	 {Dynamic responses of sliding structure
subject to seismic excitation},
  booktitle = 	 TITLE,
  OPTcrossref =  {},
  OPTkey = 	 {},
  pages = 	 {420-432},
  year = 	 {1995},
  editor = 	 {J. C. Li and C.-Y. Wang and J. Sheng},
  OPTvolume = 	 {},
  OPTnumber = 	 {},
  OPTseries = 	 {},
  address = 	 {Chungli, Taiwan ROC},
  month = 	 {Dec. 21-23},
  organization = {National Central University},
  OPTpublisher = {},
  OPTnote = 	 {},
  OPTannote = 	 {},
  comment   =    {}
}


@InProceedings{wang:cy1995,
  author = 	 {C.-Y. Wang and J. Sheng and M.-H. Chen},
  title = 	 {Dynamic-contact analysis scheme applied 
in the {DDA} method},
  booktitle = 	 TITLE,
  OPTcrossref =  {},
  OPTkey = 	 {},
  pages = 	 {433-459},
  year = 	 {1995},
  editor = 	 {J. C. Li and C.-Y. Wang and J. Sheng},
  OPTvolume = 	 {},
  OPTnumber = 	 {},
  OPTseries = 	 {},
  address = 	 {Chungli, Taiwan ROC},
  month = 	 {Dec. 21-23},
  organization = {National Central University},
  OPTpublisher = {},
  OPTnote = 	 {},
  OPTannote = 	 {},
  comment   =    {}
}
