%%%
%%% Start of complete proceedings bib file



@String{IFDDATITLE = {Proceedings of the First International forum
on Discontinuous Deformation analysis ({DDA}) and Simulations of
Discontinuous Media, Berkeley, CA}}


@InProceedings{alexeev:ad1996,
  author = 	 {A. D. Alexeev and V. N. Revva and G. K.
{Astrov-Shumilov} and Y. B. Grayadushchii and V. G. Khamulyak},
  title = 	 {},
  booktitle = 	 IFDDATITLE,
  OPTcrossref =  {},
  OPTkey = 	 {},
  pages = 	 {},
  year = 	 {1996},
  editor = 	 {M. R. Salami and D. Banks},
  OPTvolume = 	 {},
  OPTnumber = 	 {},
  OPTseries = 	 {},
  address = 	 {Albuquerque, NM},
  month = 	 {June 12-14},
  OPTorganization = {},
  publisher = {TSI Press},
  comment   =    {},
  OPTnote = 	 {},
  OPTannote = 	 {}
}



@inproceedings{amadei:b1996,
author ={B. Amadei and C. Lin and J. Dwyer},
title  ={Recent Extensions to the {DDA} method},
booktitle = IFDDATITLE,
editor = {M. R. Salami and D. Banks},
year = {1996},
pages = {1-30},
  month = 	 {June 12-14},
  publisher = {TSI Press},
  address =   {Albuquerque, NM},
comment={Amadei et al.  extended DDA in three significant ways.
 They improved the contact algorithm, added sub-blocking
 to better estimate the variation of stresses in each
 block, and added two block fracturing algorithms to
 allow fracture propagation under shearing or tension.},
}



@inproceedings{cai:y1996,
author ={Y. Cai and G-P. Liang and G-H. Shi and N. G. W. Cook},
title  ={Studying an impact problem by using {LDDA} method},
booktitle = IFDDATITLE,
editor = {M. R. Salami and D. Banks},
  month = 	 {June 12-14},
  publisher = {TSI Press},
  address =   {Albuquerque, NM},
year = {1996},
pages = {288-294},
}

@InProceedings{chang:ct1996,
  author = 	 {C.-T. Chang and P. J. M. Monteiro},
  title = 	 {Reassessment of the {St.} {F}rancis 
{D}am failure using finite element meshed discontinuous 
deformation analysis},
  booktitle = 	 IFDDATITLE,
  OPTcrossref =  {},
  OPTkey = 	 {},
  pages = 	 {295-301},
  year = 	 {1996},
  editor = 	 {M. R. Salami and D. Banks},
  OPTvolume = 	 {},
  OPTnumber = 	 {},
  OPTseries = 	 {},
  address = 	 {Albuquerque, NM},
  month = 	 {June 12-14},
  OPTorganization = {},
  publisher = {TSI Press},
  comment   =    {},
  OPTnote = 	 {},
  OPTannote = 	 {}
}


@InProceedings{chen:g1996,
  author = 	 {G. Chen and S. Miki and Y. Ohnishi},
  title = 	 {Practical improvements on {DDA}},
  booktitle = 	 IFDDATITLE,
  OPTcrossref =  {},
  OPTkey = 	 {},
  pages = 	 {302-309},
  year = 	 {1996},
  editor = 	 {M. R. Salami and D. Banks},
  OPTvolume = 	 {},
  OPTnumber = 	 {},
  OPTseries = 	 {},
  address = 	 {Albuquerque, NM},
  month = 	 {June 12-14},
  OPTorganization = {},
  publisher = {TSI Press},
  comment   =    {},
  OPTnote = 	 {},
  OPTannote = 	 {}
}


@InProceedings{chen:w1996,
  author = 	 {W. Chen and X. Ge and X. Gu and D. Geng},
  title = 	 {Hybrid method for discontinuous analysis
of rigif model and algorithm discussion},
  booktitle = 	 IFDDATITLE,
  OPTcrossref =  {},
  OPTkey = 	 {},
  pages = 	 {488-494},
  year = 	 {1996},
  editor = 	 {M. R. Salami and D. Banks},
  OPTvolume = 	 {},
  OPTnumber = 	 {},
  OPTseries = 	 {},
  address = 	 {Albuquerque, NM},
  month = 	 {June 12-14},
  OPTorganization = {},
  publisher = {TSI Press},
  comment   =    {},
  OPTnote = 	 {},
  OPTannote = 	 {}
}



@InProceedings{desai:cs1996,
  author = 	 {C. S. Desai},
  title = 	 {Disturbed state concept for modelling 
solids and discontinuities},
  booktitle = 	 IFDDATITLE,
  OPTcrossref =  {},
  OPTkey = 	 {},
  pages = 	 {31-43},
  year = 	 {1996},
  editor = 	 {M. R. Salami and D. Banks},
  OPTvolume = 	 {},
  OPTnumber = 	 {},
  OPTseries = 	 {},
  address = 	 {Albuquerque, NM},
  month = 	 {June 12-14},
  OPTorganization = {},
  publisher = {TSI Press},
  comment   =    {},
  OPTnote = 	 {},
  OPTannote = 	 {}
}


@inproceedings{dong:x1996,
  author ={X. Dong and A. Wu and F. Ren},
  title  ={A preliminary application of discontinuous
              deformation analysis ({DDA}) to the {T}hree {G}orges {D}am project},
  booktitle = IFDDATITLE, 
  editor = {M. R. Salami and D. Banks},
  month = 	 {June 12-14},
  year = {1996},
  pages = {310-317},
  publisher = {TSI Press},
  address =   {Albuquerque, NM},
}


@InProceedings{hazarika:h1996,
  author = 	 {H. Hazarika and H. Matsuzawa},
  title = 	 {Earth pressure analysis considering 
the stress discontinuity in the backfill},
  booktitle = 	 IFDDATITLE,
  OPTcrossref =  {},
  OPTkey = 	 {},
  pages = 	 {495-502},
  year = 	 {1996},
  editor = 	 {M. R. Salami and D. Banks},
  OPTvolume = 	 {},
  OPTnumber = 	 {},
  OPTseries = 	 {},
  address = 	 {Albuquerque, NM},
  month = 	 {June 12-14},
  OPTorganization = {},
  publisher = {TSI Press},
  comment   =    {},
  OPTnote = 	 {},
  OPTannote = 	 {}
}

@InProceedings{johnson:ra1996,
  author = 	 {R. A. Johnson and J. D. Bosman},
  title = 	 {Realistic simulation of cave mining 
using distinct element procedures},
  booktitle = 	 IFDDATITLE,
  OPTcrossref =  {},
  OPTkey = 	 {},
  pages = 	 {503-511},
  year = 	 {1996},
  editor = 	 {M. R. Salami and D. Banks},
  OPTvolume = 	 {},
  OPTnumber = 	 {},
  OPTseries = 	 {},
  address = 	 {Albuquerque, NM},
  month = 	 {June 12-14},
  OPTorganization = {},
  publisher = {TSI Press},
  comment   =    {},
  OPTnote = 	 {},
  OPTannote = 	 {}
}


@inproceedings{ke:tc1996b,
author ={T.-C. Ke},
title  ={The issue of rigid body rotation in {DDA}},
booktitle = IFDDATITLE,
editor = {M. R. Salami and D. Banks},
year = {1996},
  month = 	 {June 12-14},
  publisher = {TSI Press},
  address =   {Albuquerque, NM},
pages = {318-325},
}


@InProceedings{ke:tc1996c,
  author = 	 {T. C. Ke},
  title = 	 {Artifical joint based {DDA}},
  booktitle = 	 IFDDATITLE,
  OPTcrossref =  {},
  OPTkey = 	 {},
  pages = 	 {326-333},
  year = 	 {1996},
  editor = 	 {M. R. Salami and D. Banks},
  OPTvolume = 	 {},
  OPTnumber = 	 {},
  OPTseries = 	 {},
  address = 	 {Albuquerque, NM},
  month = 	 {June 12-14},
  OPTorganization = {},
  publisher = {TSI Press},
  comment   =    {},
  OPTnote = 	 {},
  OPTannote = 	 {}
}

@InProceedings{ke:tc1996d,
  author = 	 {T. C. Ke},
  title = 	 {Application of {DDA} to stability 
analysis of rock masses},
  booktitle = 	 IFDDATITLE,
  OPTcrossref =  {},
  OPTkey = 	 {},
  pages = 	 {334-341},
  year = 	 {1996},
  editor = 	 {M. R. Salami and D. Banks},
  OPTvolume = 	 {},
  OPTnumber = 	 {},
  OPTseries = 	 {},
  address = 	 {Albuquerque, NM},
  month = 	 {June 12-14},
  OPTorganization = {},
  publisher = {TSI Press},
  comment   =    {},
  OPTnote = 	 {},
  OPTannote = 	 {}
}


@InProceedings{koo:cy1996,
  author = 	 {C. Y. Koo and J. C. Chern},
  title = 	 {The development of {DDA} with third order 
displacement function},
  booktitle = 	 IFDDATITLE,
  OPTcrossref =  {},
  OPTkey = 	 {},
  pages = 	 {342-349},
  year = 	 {1996},
  editor = 	 {M. R. Salami and D. Banks},
  OPTvolume = 	 {},
  OPTnumber = 	 {},
  OPTseries = 	 {},
  address = 	 {Albuquerque, NM},
  month = 	 {June 12-14},
  OPTorganization = {},
  publisher = {TSI Press},
  comment   =    {},
  OPTnote = 	 {},
  OPTannote = 	 {}
}



@inproceedings{liang:gp1996,
author ={G-P. Liang and C-G. Wang},
title  ={{LDDA} on High-speed catenary-pantograph systems},
booktitle = IFDDATITLE,
editor = {M. R. Salami and D. Banks},
year = {1996},
  month = 	 {June 12-14},
  publisher = {TSI Press},
  address =   {Albuquerque, NM},
pages = {350-356},
}

@inproceedings{lin:c1996,
author ={C. Lin},
title  ={Numerical analysis of the effectiveness
of roof truss in roadway},
booktitle = IFDDATITLE,
editor = {M. R. Salami and D. Banks},
year = {1996},
  month = 	 {June 12-14},
  publisher = {TSI Press},
  address =   {Albuquerque, NM},
pages = {511-517},
}

@InProceedings{lin:hc1996,
  author = 	 {H. C. Lin and T. X. Tran and R. B. Nelson},
  title = 	 {Comparison of two different 2D algorithms 
for analyzing frictional block structures},
  booktitle = 	 IFDDATITLE,
  OPTcrossref =  {},
  OPTkey = 	 {},
  pages = 	 {357-364},
  year = 	 {1996},
  editor = 	 {M. R. Salami and D. Banks},
  OPTvolume = 	 {},
  OPTnumber = 	 {},
  OPTseries = 	 {},
  address = 	 {Albuquerque, NM},
  month = 	 {June 12-14},
  OPTorganization = {},
  publisher = {TSI Press},
  comment   =    {},
  OPTnote = 	 {},
  OPTannote = 	 {}
}

@InProceedings{lin:js1996,
  author = 	 {J. S. Lin and D.-H. Lee},
  title = 	 {Manifold method using polynomial
basis function of any order},
  booktitle = 	 IFDDATITLE,
  OPTcrossref =  {},
  OPTkey = 	 {},
  pages = 	 {365-372},
  year = 	 {1996},
  editor = 	 {M. R. Salami and D. Banks},
  OPTvolume = 	 {},
  OPTnumber = 	 {},
  OPTseries = 	 {},
  address = 	 {Albuquerque, NM},
  month = 	 {June 12-14},
  OPTorganization = {},
  publisher = {TSI Press},
  comment   =    {},
  OPTnote = 	 {},
  OPTannote = 	 {}
}


@InProceedings{liu:l1996,
  author = 	 {L. Liu},
  title = 	 {Modeling aseismic fault slips and block 
deformation in northern china by {DDA}},
  booktitle = 	 IFDDATITLE,
  OPTcrossref =  {},
  OPTkey = 	 {},
  pages = 	 {373-382},
  year = 	 {1996},
  editor = 	 {M. R. Salami and D. Banks},
  OPTvolume = 	 {},
  OPTnumber = 	 {},
  OPTseries = 	 {},
  address = 	 {Albuquerque, NM},
  month = 	 {June 12-14},
  OPTorganization = {},
  publisher = {TSI Press},
  comment   =    {},
  OPTnote = 	 {},
  OPTannote = 	 {}
}


@inproceedings{ma:my1996,
author ={M. Y. Ma and M. Zaman and J. H. Zhou},
title  ={Discontinuous Deformation Analysis using the third-order
displacement function},
booktitle = IFDDATITLE,
editor = {M. R. Salami and D. Banks},
year = {1996},
  month = 	 {June 12-14},
  publisher = {TSI Press},
  address =   {Albuquerque, NM},
pages = {383-394},
}


@InProceedings{maclaughlin:mm1996a,
  author = 	 {M. M. MacLaughlin and N. Sitar},
  title = 	 {Rigid body rotations in {DDA}},
  booktitle = 	 IFDDATITLE,
  OPTcrossref =  {},
  OPTkey = 	 {},
  pages = 	 {620-636},
  year = 	 {1996},
  editor = 	 {M. R. Salami and D. Banks},
  OPTvolume = 	 {},
  OPTnumber = 	 {},
  OPTseries = 	 {},
  address = 	 {Albuquerque, NM},
  month = 	 {June 12-14},
  OPTorganization = {},
  publisher = {TSI Press},
  comment   =    {},
  OPTnote = 	 {},
  OPTannote = 	 {}
}


@InProceedings{munjiza:a1996,
  author = 	 {A. Munjiza},
  title = 	 {Combined finite-discrete element models
for blasting and mining operations},
  booktitle = 	 IFDDATITLE,
  OPTcrossref =  {},
  OPTkey = 	 {},
  pages = 	 {511-517},
  year = 	 {1996},
  editor = 	 {M. R. Salami and D. Banks},
  OPTvolume = 	 {},
  OPTnumber = 	 {},
  OPTseries = 	 {},
  address = 	 {Albuquerque, NM},
  month = 	 {June 12-14},
  OPTorganization = {},
  publisher = {TSI Press},
  comment   =    {},
  OPTnote = 	 {},
  OPTannote = 	 {}
}

@InProceedings{munjiza:a1996b,
  author = 	 {A. Munjiza and M. Schonauer and G. J. Huang},
  title = 	 {Predictive modelling of mechanical contact
with friction using discrete elements},
  booktitle = 	 IFDDATITLE,
  OPTcrossref =  {},
  OPTkey = 	 {},
  pages = 	 {518-524},
  year = 	 {1996},
  editor = 	 {M. R. Salami and D. Banks},
  OPTvolume = 	 {},
  OPTnumber = 	 {},
  OPTseries = 	 {},
  address = 	 {Albuquerque, NM},
  month = 	 {June 12-14},
  OPTorganization = {},
  publisher = {TSI Press},
  comment   =    {},
  OPTnote = 	 {},
  OPTannote = 	 {}
}


@InProceedings{ohnishi:y1996,
  author = 	 {Y. Ohnishi and S. Miki},
  title = 	 {Development of circular and elliptic 
disc elements for {DDA}},
  booktitle = 	 IFDDATITLE,
  OPTcrossref =  {},
  OPTkey = 	 {},
  pages = 	 {44-51},
  year = 	 {1996},
  editor = 	 {M. R. Salami and D. Banks},
  OPTvolume = 	 {},
  OPTnumber = 	 {},
  OPTseries = 	 {},
  address = 	 {Albuquerque, NM},
  month = 	 {June 12-14},
  OPTorganization = {},
  publisher = {TSI Press},
  comment   =    {},
  OPTnote = 	 {},
  OPTannote = 	 {}
}


@InProceedings{pei:jm1996a,
  author = 	 {J. M. Pei and Z. H. Lu},
  title = 	 {An application of {DDA} to a jointed rock slope},
  booktitle = 	 IFDDATITLE,
  OPTcrossref =  {},
  OPTkey = 	 {},
  pages = 	 {395-400},
  year = 	 {1996},
  editor = 	 {M. R. Salami and D. Banks},
  OPTvolume = 	 {},
  OPTnumber = 	 {},
  OPTseries = 	 {},
  address = 	 {Albuquerque, NM},
  month = 	 {June 12-14},
  OPTorganization = {},
  publisher = {TSI Press},
  comment   =    {},
  OPTnote = 	 {},
  OPTannote = 	 {}
}


@InProceedings{pei:jm1996b,
  author = 	 {J. M. Pei},
  title = 	 {The effects of energy loss in block bumping 
on discontinuous deformation},
  booktitle = 	 IFDDATITLE,
  OPTcrossref =  {},
  OPTkey = 	 {},
  pages = 	 {401-406},
  year = 	 {1996},
  editor = 	 {M. R. Salami and D. Banks},
  OPTvolume = 	 {},
  OPTnumber = 	 {},
  OPTseries = 	 {},
  address = 	 {Albuquerque, NM},
  month = 	 {June 12-14},
  OPTorganization = {},
  publisher = {TSI Press},
  comment   =    {},
  OPTnote = 	 {},
  OPTannote = 	 {}
}


@InProceedings{petrinic:n1996,
  author = 	 {N. Petrinic and D. R. J. Owen and A. 
Munjiza and N. Bicanic},
  title = 	 {Predictive modelling of the failure and 
repair of masonry structures with granular backfill},
  booktitle = 	 IFDDATITLE,
  OPTcrossref =  {},
  OPTkey = 	 {},
  pages = 	 {},
  year = 	 {1996},
  editor = 	 {M. R. Salami and D. Banks},
  OPTvolume = 	 {},
  OPTnumber = 	 {},
  OPTseries = 	 {},
  address = 	 {Albuquerque, NM},
  month = 	 {June 12-14},
  OPTorganization = {},
  publisher = {TSI Press},
  comment   =    {},
  OPTnote = 	 {},
  OPTannote = 	 {}
}



@inproceedings{qui:x1996,
author ={X. Qui},
title  ={Manifold method without use of penalty springs},
booktitle = IFDDATITLE,
editor = {M. R. Salami and D. Banks},
year = {1996},
  month = 	 {June 12-14},
  publisher = {TSI Press},
  address =   {Albuquerque, NM},
pages = {407-414},
}


@InProceedings{ramakrishnan:s1996,
  author = 	 {S. Ramakrishnan and M. Budhu and 
G. Frantziskonis},
  title = 	 {Deformation and failure of granular 
material --- a lattice type model},
  booktitle = 	 IFDDATITLE,
  OPTcrossref =  {},
  OPTkey = 	 {},
  pages = 	 {543-550},
  year = 	 {1996},
  editor = 	 {M. R. Salami and D. Banks},
  OPTvolume = 	 {},
  OPTnumber = 	 {},
  OPTseries = 	 {},
  address = 	 {Albuquerque, NM},
  month = 	 {June 12-14},
  OPTorganization = {},
  publisher = {TSI Press},
  comment   =    {},
  OPTnote = 	 {},
  OPTannote = 	 {}
}



@inproceedings{salami:mr1996,
author ={M. R. Salami and A. Shahbazi and M. Zaman and M. Zargham},
title  ={Determining contact stresses on potatos stored in bulk
bins by using discontinuous deformation analysis},
booktitle = IFDDATITLE,
editor = {M. R. Salami and D. Banks},
year = {1996},
  month = 	 {June 12-14},
  publisher = {TSI Press},
  address =   {Albuquerque, NM},
pages = {415-431},
}



@inproceedings{sasaki:t1996,
author ={T. Sasaki and S. Morikawa and D. Ishii
and Y. Ohnishi and R. Yoshinaka},
title  ={Comparison with {DDA} and {FEM} by Jointed Rock
Foundation models},
booktitle = IFDDATITLE,
organization = {},
editor = {M. R. Salami and D. Banks},
year = {1996},
  month = 	 {June 12-14},
  publisher = {TSI Press},
  address =   {Albuquerque, NM},
pages = {432-439},
}


@InProceedings{sengupta:ak1996,
  author = 	 {A. K. Sengupta and A. Belarbi},
  title = 	 {Average stress-strain relationships 
of rebars in cracked {RC} panels},
  booktitle = 	 IFDDATITLE,
  OPTcrossref =  {},
  OPTkey = 	 {},
  pages = 	 {551-558},
  year = 	 {1996},
  editor = 	 {M. R. Salami and D. Banks},
  OPTvolume = 	 {},
  OPTnumber = 	 {},
  OPTseries = 	 {},
  address = 	 {Albuquerque, NM},
  month = 	 {June 12-14},
  OPTorganization = {},
  publisher = {TSI Press},
  comment   =    {},
  OPTnote = 	 {},
  OPTannote = 	 {}
}



@InProceedings{shi:gh1996b,
  author = 	 {G. H. Shi},
  title = 	 {Manifold method},
  booktitle = 	 IFDDATITLE,
  OPTcrossref =  {},
  OPTkey = 	 {},
  pages = 	 {52-204},
  year = 	 {1996},
  editor = 	 {M. R. Salami and D. Banks},
  OPTvolume = 	 {},
  OPTnumber = 	 {},
  OPTseries = 	 {},
  address = 	 {Albuquerque, NM},
  month = 	 {June 12-14},
  OPTorganization = {},
  publisher = {TSI Press},
  comment   =    {},
  OPTnote = 	 {},
  OPTannote = 	 {}
}

@InProceedings{shi:gh1996c,
  author = 	 {G. H. Shi},
  title = 	 {Simplex integration for manifold method,
{FEM}, {DDA} and analytical solutions},
  booktitle = 	 IFDDATITLE,
  OPTcrossref =  {},
  OPTkey = 	 {},
  pages = 	 {205-262},
  year = 	 {1996},
  editor = 	 {M. R. Salami and D. Banks},
  OPTvolume = 	 {},
  OPTnumber = 	 {},
  OPTseries = 	 {},
  address = 	 {Albuquerque, NM},
  month = 	 {June 12-14},
  OPTorganization = {},
  publisher = {TSI Press},
  comment   =    {},
  OPTnote = 	 {},
  OPTannote = 	 {}
}

@InProceedings{shyu:kk1996a,
  author = 	 {K. K. Shyu and M. R. Salami},
  title = 	 {Stability of {B}artlett Dam},
  booktitle = 	 IFDDATITLE,
  OPTcrossref =  {},
  OPTkey = 	 {},
  pages = 	 {440-445},
  year = 	 {1996},
  editor = 	 {M. R. Salami and D. Banks},
  OPTvolume = 	 {},
  OPTnumber = 	 {},
  OPTseries = 	 {},
  address = 	 {Albuquerque, NM},
  month = 	 {June 12-14},
  OPTorganization = {},
  publisher = {TSI Press},
  comment   =    {},
  OPTnote = 	 {},
  OPTannote = 	 {}
}

@InProceedings{shyu:kk1996b,
  author = 	 {K. K. Shyu and M. R. Salami and A. Shahbazi},
  title = 	 {Numerical modeling of deformable particles},
  booktitle = 	 IFDDATITLE,
  OPTcrossref =  {},
  OPTkey = 	 {},
  pages = 	 {446-453},
  year = 	 {1996},
  editor = 	 {M. R. Salami and D. Banks},
  OPTvolume = 	 {},
  OPTnumber = 	 {},
  OPTseries = 	 {},
  address = 	 {Albuquerque, NM},
  month = 	 {June 12-14},
  OPTorganization = {},
  publisher = {TSI Press},
  comment   =    {},
  OPTnote = 	 {},
  OPTannote = 	 {}
}


@InProceedings{singh:j1996,
  author = 	 {J. Singh and D. W. Airey and J. R. Booker
and J. P. Carter},
  title = 	 {Model studies of the bearing capacity 
of an orthogonally jointed medium},
  booktitle = 	 IFDDATITLE,
  OPTcrossref =  {},
  OPTkey = 	 {},
  pages = 	 {559-566},
  year = 	 {1996},
  editor = 	 {M. R. Salami and D. Banks},
  OPTvolume = 	 {},
  OPTnumber = 	 {},
  OPTseries = 	 {},
  address = 	 {Albuquerque, NM},
  month = 	 {June 12-14},
  OPTorganization = {},
  publisher = {TSI Press},
  comment   =    {},
  OPTnote = 	 {},
  OPTannote = 	 {}
}



@inproceedings{thomas:pa1996,
author ={P. A. Thomas and J. D. Bray and T-C. Ke},
title  ={Discontinuous Deformation Analysis for Soil Mechanics},
booktitle = IFDDATITLE,
editor = {M. R. Salami and D. Banks},
year = {1996},
  month = 	 {June 12-14},
  publisher = {TSI Press},
  address =   {Albuquerque, NM},
pages = {454-461},
comment={Thomas investigates the applicability
of DDA to soil mechanics.
This implementation of DDA uses circular disks instead
of polygonal blocks as elements.  A novel feature of the
code is that multiple disk assemblies can be modeled to
represent non-spherical particle shapes. Initial results
indicate that the DDA is useful for modeling laboratory
tests.},
}


@InProceedings{tran:tx1996,
  author = 	 {T. X. Tran and R. B. Nelson},
  title = 	 {Analysis of disjoint 2D particle 
assemblies},
  booktitle = 	 IFDDATITLE,
  OPTcrossref =  {},
  OPTkey = 	 {},
  pages = 	 {567-577},
  year = 	 {1996},
  editor = 	 {M. R. Salami and D. Banks},
  OPTvolume = 	 {},
  OPTnumber = 	 {},
  OPTseries = 	 {},
  address = 	 {Albuquerque, NM},
  month = 	 {June 12-14},
  OPTorganization = {},
  publisher = {TSI Press},
  comment   =    {},
  OPTnote = 	 {},
  OPTannote = 	 {}
}

@InProceedings{vacek:j1996,
  author = 	 {J. Vacek and E. Westman},
  title = 	 {Experimental study of rock mass 
decomposition during slip},
  booktitle = 	 IFDDATITLE,
  OPTcrossref =  {},
  OPTkey = 	 {},
  pages = 	 {578-585},
  year = 	 {1996},
  editor = 	 {M. R. Salami and D. Banks},
  OPTvolume = 	 {},
  OPTnumber = 	 {},
  OPTseries = 	 {},
  address = 	 {Albuquerque, NM},
  month = 	 {June 12-14},
  OPTorganization = {},
  publisher = {TSI Press},
  comment   =    {},
  OPTnote = 	 {},
  OPTannote = 	 {}
}


@inproceedings{wang:cy1996,
author ={C.-Y. Wang and C.-C. Chuang and J. Sheng},
title  ={Time integration theories for the {DDA} method
with finite element meshes},
booktitle = IFDDATITLE,
editor = {M. R. Salami and D. Banks},
year = {1996},
  month = 	 {June 12-14},
  publisher = {TSI Press},
  address =   {Albuquerque, NM},
pages = {263-287},
comment={},
}

@InProceedings{yeung:mr1996,
  author = 	 {M. R. Yeung},
  title = 	 {Analysis of three-hinged beam using {DDA}},
  booktitle = 	 IFDDATITLE,
  OPTcrossref =  {},
  OPTkey = 	 {},
  pages = 	 {462-469},
  year = 	 {1996},
  editor = 	 {M. R. Salami and D. Banks},
  OPTvolume = 	 {},
  OPTnumber = 	 {},
  OPTseries = 	 {},
  address = 	 {Albuquerque, NM},
  month = 	 {June 12-14},
  OPTorganization = {},
  publisher = {TSI Press},
  comment   =    {},
  OPTnote = 	 {},
  OPTannote = 	 {}
}


@InProceedings{zaman:m1996,
  author = 	 {M. Zaman and I. Houssamy and M. R. Salami},
  title = 	 {Nonlinear analysis of underreamed shafts},
  booktitle = 	 IFDDATITLE,
  OPTcrossref =  {},
  OPTkey = 	 {},
  pages = 	 {586-595},
  year = 	 {1996},
  editor = 	 {M. R. Salami and D. Banks},
  OPTvolume = 	 {},
  OPTnumber = 	 {},
  OPTseries = 	 {},
  address = 	 {Albuquerque, NM},
  month = 	 {June 12-14},
  OPTorganization = {},
  publisher = {TSI Press},
  comment   =    {},
  OPTnote = 	 {},
  OPTannote = 	 {}
}



@InProceedings{zhao:s1996,
  author = 	 {S. Zhao and M. Reza Salami and M. S. Rahman},
  title = 	 {Simulation of rock toppling failure 
using discontinuous deformation analysis},
  booktitle = 	 IFDDATITLE,
  OPTcrossref =  {},
  OPTkey = 	 {},
  pages = 	 {470-479},
  year = 	 {1996},
  editor = 	 {M. R. Salami and D. Banks},
  OPTvolume = 	 {},
  OPTnumber = 	 {},
  OPTseries = 	 {},
  address = 	 {Albuquerque, NM},
  month = 	 {June 12-14},
  OPTorganization = {},
  publisher = {TSI Press},
  comment   =    {},
  OPTnote = 	 {},
  OPTannote = 	 {}
}



@InProceedings{zheng:xt1996a,
  author = 	 {X.-T. Zheng and X. Liu},
  title = 	 {Analytical Model on the Contact 
Problem of Plane Elastic Blocks},
  booktitle = IFDDATITLE,
  OPTcrossref =  {},
  OPTkey = 	 {},
  pages = 	 {596-603},
  year = 	 {1996},
  editor = 	 {M. R. Salami and D. Banks},
  OPTvolume = 	 {},
  OPTnumber = 	 {},
  OPTseries = 	 {},
  address = 	 {Albuquerque, NM},
  month = 	 {June 12-14},
  OPTorganization = {},
  publisher = {TSI Press},
  OPTnote = 	 {},
  OPTannote = 	 {}
}


@InProceedings{zheng:xt1996b,
  author = 	 {X. T. Zheng and X. Liu},
  title = 	 {Analytical model on the contact problem
of plane elastic blocks},
  booktitle = 	 IFDDATITLE,
  OPTcrossref =  {},
  OPTkey = 	 {},
  pages = 	 {596-603},
  year = 	 {1996},
  editor = 	 {M. R. Salami and D. Banks},
  OPTvolume = 	 {},
  OPTnumber = 	 {},
  OPTseries = 	 {},
  address = 	 {Albuquerque, NM},
  month = 	 {June 12-14},
  OPTorganization = {},
  publisher = {TSI Press},
  comment   =    {},
  OPTnote = 	 {},
  OPTannote = 	 {}
}

@InProceedings{zheng:xt1996c,
  author = 	 {X. T. Zheng and X. Liu},
  title = 	 {The static and dynamic solution of 
2D block systems},
  booktitle = 	 IFDDATITLE,
  OPTcrossref =  {},
  OPTkey = 	 {},
  pages = 	 {604-611},
  year = 	 {1996},
  editor = 	 {M. R. Salami and D. Banks},
  OPTvolume = 	 {},
  OPTnumber = 	 {},
  OPTseries = 	 {},
  address = 	 {Albuquerque, NM},
  month = 	 {June 12-14},
  OPTorganization = {},
  publisher = {TSI Press},
  comment   =    {},
  OPTnote = 	 {},
  OPTannote = 	 {}
}

@InProceedings{zheng:xt1996d,
  author = 	 {X. T. Zheng and X. Liu},
  title = 	 {A parallel computing practice 
in block theory},
  booktitle = 	 IFDDATITLE,
  OPTcrossref =  {},
  OPTkey = 	 {},
  pages = 	 {612-619},
  year = 	 {1996},
  editor = 	 {M. R. Salami and D. Banks},
  OPTvolume = 	 {},
  OPTnumber = 	 {},
  OPTseries = 	 {},
  address = 	 {Albuquerque, NM},
  month = 	 {June 12-14},
  OPTorganization = {},
  publisher = {TSI Press},
  comment   =    {},
  OPTnote = 	 {},
  OPTannote = 	 {}
}

