

@Article{sadek_aw2003,
  author = 	 {A. W. Sadek and A. Kvasnak and J. Segale},
  title = 	 {Integrated infrastructure management systems:
Small urban area's experience},
  journal = 	 {Journal of Infrastructure Systems},
  year = 	 {2003},
  OPTkey = 	 {},
  volume = 	 {9},
  OPTnumber = 	 {3},
  pages = 	 {98-106},
  OPTmonth = 	 {},
  OPTnote = 	 {},
  OPTannote = 	 {}
}

