
%% bibtexfile{
%% $Author: doolin $
%% $Source: /home/users/doolin/cvsroot/tex/bibs/it.bib,v $
%% $Date: 2002/10/28 18:03:00 $
%% $Revision: 1.4 $



@String{GSAB={Geological Society of America Bulletin}}
@String{IJRM={Int. J. Rock Mech. Min. Sci. \& Geomech. Abstr.}}
@String{JGR="Journal Of Geophysical Research"}
@String{IJMGE="International Journal Of Mining and Engineering"}
@String{BAEG="Bulletin of the Association of Engineering Geologists"}
@String{WRR="Water Resources Research"}
@String{GW="Ground Water"}
@String{JSG="Journal of Structural Geology"}
@String{ZAMP="Zeitschrift f{\"u}r angewandte Mathematik und Physik ZAMP"}




@Manual{vanheesch:d2002,
  title = 	 {Doxygen manual},
  OPTkey = 	 {},
  author = 	 {D. {van Heesch}},
  OPTorganization = {},
  address = 	 {\url{http://www.stack.nl/~dimitri/doxygen/manual.html}},
  OPTedition = 	 {},
  OPTmonth = 	 {},
  year = 	 {2002},
  OPTnote = 	 {},
  OPTannote = 	 {},
  url          = {\url{http://www.stack.nl/~dimitri/doxygen/manual.html}},
}

%%%%  Should probably go into softeng.bib...



@Article{voeller:j2001,
  author = 	 {J. Voeller},
  title = 	 {25 {T}echnologies to watch},
  journal = 	 {Civil Engineering},
  year = 	 {2001},
  OPTkey = 	 {},
  volume = 	 {71},
  OPTnumber = 	 {8},
  pages = 	 {64-69},
  OPTmonth = 	 {},
  OPTnote = 	 {},
  OPTannote = 	 {}
}

