%  Karst  bibliography database

%% bibtexfile{
%% author	="David M. Doolin",
%% version 	="1.0",
%% year	="20 sept 94",
%% filename	="karst.bib",
%% address	="utk",
%% email	="doolin at cs.utk.edu" }
%% $Author: doolin $
%% $Source: /home/users/doolin/cvsroot/tex/bibs/karst.bib,v $
%% $Date: 2002/10/28 18:03:01 $
%% $Revision: 1.3 $



@String{GSAB={Geological Society of America Bulletin}}
@String{IJRM={Int. J. Rock Mech. Min. Sci. \& Geomech. Abstr.}}
@String{JGR="Journal Of Geophysical Research"}
@String{IJMGE="International Journal Of Mining and Engineering"}
@String{BAEG="Bulletin of the Association of Engineering Geologists"}
@String{WRR="Water Resources Research"}
@String{GW="Ground Water"}
@String{JSG="Journal of Structural Geology"}


@article{banks:d95,
author	={D. Banks and C. Davies and W. Davies},
title	={The chalk as a karstic aquifer: evidence form a tracer 
test at {S}tanford {D}ingley, {B}erkshire, {UK}},
journal={Quarterly Journal of Engineering Geology},
volume	=28,
pages	={S31-S38},
year	=1995,
}

@inproceedings{beck:bf91,
author ={B. F. Beck},
title  ={On Calculating the Risk of Sinkhole Collapse},
booktitle = {Appalachian Karst---Proceedings of the 
Appalachian Karst Symposium},
organization = {National Speleological Society},
month  = {March},
editor = {E. H. Kastning and K. M. Kastning},
year = {1991},
pages = {231--236},
}


@article{bischoff:jl94,
author	={J. L. Bischoff and R. Juli\'{a}},
title	={Karstification without Carbonic Acid: Bedrock Dissolution by
Gypsum--driven dedolomitization},
journal={Geology},
volume	=22,
pages	={995--998},
year	=1994,
}

@article{bogardi:i82,
author	={I. Bogardi and L. Duckstein and F. Szidarovszky},
title	={Bayesian Analysis of Underground Flooding},
journal=WRR,
volume	=18,
pages	={1110--1116},
year	=1982,
}

@article{boyer:dg95,
author	={D. G. Boyer and G. C. Pasquarell},
title	={Nitrate concentrations in karst springs
in an extensively grazed area},
journal={Water Resources Bulletin},
volume	=31,
pages	={729-736},
year	=1995,
}

@inproceedings{bruce:da88,
author={D. A. Bruce and F. Gallavresi},
title={The MPSP System: A New Method of Grouting Difficult
Rock Formations},
booktitle={Geotechnical Aspects of Karst Terrains: Exploration, Foundation
Design and Performance, and Remedial Measures},
editor={N. Sitar},
organization={ASCE},
pages={97--114},
year=1988,
}

@incollection{brucker:ta89,
author={T. A. Brucker},
title={Cave Systems South of the Green River},
booktitle={Karst Hydrology},
editor={W. B. White and E. L. White},
publisher={Van Nostrand Reinhold},
address={New York},
pages={175--188},
year=1989,
}

@incollection{cheema:tj1995,
author	={T. J. Cheema and M. R. Islam},
title	={A New Modeling Approach for Predicting Flow in 
Fractured Formations},
booktitle={Groundwater Models for Resources Analysis
and Management},
editor	={A. I. El-Kadi},
publisher={CRC Lewis Publishers},
address={London},
pages	={327-338},
year	=1995,
}

@book{clark:gm94,
author	={G. M. Clark},
title	= {Examples of Karst Geomorphology and Speleology in the 
Knox County Area, Valley and Ridge Subprovince, Central Eastern
Tennessee--- A Field Excursion Guidebook},
publisher={Department of Geology, University of Tennessee},
address={Knoxville, TN},
year	={1994},
}

@inproceedings{cooper:ss88,
author={S. S. Cooper and R. F. Ballard},
title={Geophysical Exploration for Cavity Detection in Karst Terrain},
booktitle={Geotechnical Aspects of Karst Terrains: Exploration, Foundation
Design and Performance, and Remedial Measures},
editor={N. Sitar},
organization={ASCE},
pages={25--39},
year=1988,
}

@article{coron:cr91,
author	={C. R. Coron},
title	={Environmental Impact of Hazardous Waste in East
Tennessee Karst},
journal={The Professional Geologist},
volume	=28,
pages	={11-13},
year	=1991,
}

@article{curl:rl66,
author	={R. L. Curl},
title	={Caves as a Measure of Karst},
journal={Journal of Geology},
volume	={74},
pages	={798--830},
year	=1966,
}

@article{day:m87,
author	={M. Day},
title	={Slope Form, Erosion, and Hydrology in some
Belizan Karst Depressions},
journal={Earth Science Processes and Landforms},
volume	=12,
pages	={497--505},
year	=1987,
}

@article{destephen:ra1992,
author	={R. A. DeStephen and R. H. Wargo},
title	={Foundation Design in Karst},
journal={Bulletin of the Association of Engineering 
Geologists},
volume	={XXIX},
pages	={165-173},
year	=1992,
}

@incollection{deike:hh89,
author={G. H. {Deike, III}},
title={Fracture Controls on Conduit Development},
booktitle={Karst Hydrology},
editor={W. B. White and E. L. White},
publisher={Van Nostrand Reinhold},
address={New York},
pages={259--292},
year=1989,
}

@article{douglas:i87,
author	={I. Douglas},
title	={Plate Tectonics, Paleoenvironments and Limestone
Geomorphology in West--Central Britain},
journal={Earth Processes and Landforms},
volume	=12,
pages	={481--495},
year	=1987,
}

@article{dreiss:sj82,
author	={S. J. Dreiss},
title	={Linear Kernels for Karst Aquifers},
journal=WRR,
volume	=18,
pages	={856--876},
year	=1982,
}

@techreport{drumm:ec90,
author	={E. C. Drumm and W. F. Kane and R. H. Ketelle and
J. Ben--Hassine and J. A. Scarborough},
title	={Subsidence of Residual Soils in a Karst Terrain},
institution ={Energy Division, ORNL},
type = {{ORNL/TM}--11525},
address = {Oak Ridge National Laboratory, Oak Ridge, TN},
year = {1990},
}

@inproceedings{erwin:jw88,
author={J. W. Erwin and R. A. Brown},
title={Karstic Foundation Problems Sunny Point Railroad},
booktitle={Geotechnical Aspects of Karst Terrains: Exploration, Foundation
Design and Performance, and Remedial Measures},
editor={N. Sitar},
organization={ASCE},
pages={74--85},
year=1988,
}


@inproceedings{ewart:j93,
author ={J. Ewart and M. Jancin and A. D. Stahl},
title  ={Estimation of Hydraulic Parameters in an
inclined package of heterogenous sedimentary rocks:
a case study},
booktitle = {Proceedings: 1993 Groundwater Modelling 
Conference},
organization = {International Groundwater Modelling
Center},
month  = {June, 9-12},
editor = {},
year = {1993},
pages = {7-10},
}

@article{ford:d87,
author	={D. Ford},
title	={Effects of Glaciations and Permafrost Upon the 
Development of Karst in Canada},
journal={Earth Surface processes and Landforms},
volume	=12,
pages	={507--521},
year	=1987,
}

@incollection{george:ai89,
author={A. I. George},
title={Caves and Drainage North of the Green River},
booktitle={Karst Hydrology},
editor={W. B. White and E. L. White},
publisher={Van Nostrand Reinhold},
address={New York},
pages={189--222},
year=1989,
}

@article{greene:ea95,
author	={E. A. Greene and P. H. Rahn},
title	={Localized Anisotropic Transmissivity
in a Karst Aquifer},
journal={Ground Water},
volume	=33,
pages	={806-816},
year	=1995,
}

@article{groves:cg94a,
author	={C. G. Groves and A. D. Howard},
title	={Minimum hydrochemical conditions allowing 
limestone cave development},
journal=WRR,
volume	=30,
pages	={607-615},
year	=1994,
}

@article{groves:cg94b,
author	={C. G. Groves and A. D. Howard},
title	={Early development of karst systems 1.
Preferential flow path enlargement under laminar flow},
journal=WRR,
volume	=30,
pages	={2837-2846},
year	=1994,
}




@techreport{groves:cc95,
author = {C. C. Groves and W. K. Jones and L. E. Spangler},
title = {Karst Hydrology Short Course},
institution ={National Speleological Society},
type = {Short Course},
address = {Huntsville, Alabama},
year =1995,
}
 
@article{howard:ad95,
author	={A. D. Howard and C. G. Groves},
title	={Early Development of Karst Systems},
journal={WRR},
volume	=31,
pages	={19-26},
year	=1995,
}

@incollection{huntoon:pw1995,
author	={P. W. Huntoon},
title	={Is It Appropriate to Apply Porous Media Groundwater
Circulation Models to Karstic Aquifers?},
booktitle={Groundwater Models for Resources Analysis
and Management},
editor	={A. I. El-Kadi},
publisher={CRC Lewis Publishers},
address={London},
pages	={339-358},
year	=1995,
}

@incollection{jancin:m95,
author	={M. Jancin and J. Ewart},
title	={Prediction and Testing of Hydraulic Parameters in Interstratal 
Karst of the {V}alley and {R}idge {P}rovince, {P}ennsylvania},
booktitle={Karst Geohazards},
editor	={B. F. Beck},
publisher={A. A. Balkema},
address={Rotterdam},
pages	={125--130},
year=1995,
}


@incollection{julian:he95,
author	={H. E. Julian and S. C. Young},
title	={Conceptual Model of Groundwater Flow in a Mantled Karst Aquifer
and Effects of the Epikarst Zone},
booktitle={Karst Geohazards},
editor	={B. F. Beck},
publisher={A. A. Balkema},
address={Rotterdam},
pages	={131--139},
year	=1995,
}


@inproceedings{handfelt:ld88,
author={L. D. Handfelt and W. J. Attwool},
title={Exploration of Karst Conditions in Central Florida},
booktitle={Geotechnical Aspects of Karst Terrains: Exploration, Foundation
Design and Performance, and Remedial Measures},
editor={N. Sitar},
organization={ASCE},
pages={40--52},
year=1988,
}

@incollection{hess89a,
author={J. W. Hess and S. G. Wells and J. F. Quinlan and W. B. White},
title={Hydrogeology of the South--Central Kentucky Karst},
booktitle={Karst Hydrology},
editor={W. B. White and E. L. White},
publisher={Van Nostrand Reinhold},
address={New York},
pages={15--64},
year=1989,
}

@incollection{hess:jw89b,
author={J. W. Hess and W. B. White},
title={Water Budget and Physical Hydrology},
booktitle={Karst Hydrology},
editor={W. B. White and E. L. White},
publisher={Van Nostrand Reinhold},
address={New York},
pages={105--126},
year=1989,
}

@incollection{hess:jw89c,
author={J. W.  Hess and W. B. White},
title={Chemical Hydrology},
booktitle={Karst Hydrology},
editor={W. B. White and E. L. White},
publisher={Van Nostrand Reinhold},
address={New York},
pages={145--174},
year=1989,
}

@book{jennings:jn85,
author	={J. N. Jennings},
title	= {Karst Geomorphology},
edition={2 ed.},
publisher={Basil Blackwell},
address={New York},
year	=1985,
comment={Mentions ``rendzina'' (p. 36) soils; dark, loamy, crumbly alkaline
soils formed in temperate karst terrains.  Need further reference for
these soils.},
}


@article{laverty:m87,
author	={M. Laverty},
title	={Fractals in Karst},
journal={Earth Processes and Landforms},
volume	=12,
pages	={475--480},
year	=1987,
}

@inproceedings{martin:re88,
author={R. E. Martin and B. Milner},
title={Evaluation of Reservoir Seepage in Karst Topography},
booktitle={Geotechnical Aspects of Karst Terrains: Exploration, Foundation
Design and Performance, and Remedial Measures},
editor={N. Sitar},
organization={ASCE},
pages={53--67},
year=1988,
}

@inproceedings{moore:h88,
author={H. Moore},
title={Treatment of Karst Along Tennessee Highways},
booktitle={Geotechnical Aspects of Karst Terrains: Exploration, Foundation
Design and Performance, and Remedial Measures},
editor={N. Sitar},
organization={ASCE},
pages={133--148},
year=1988,
}

@incollection{palmer:an89a,
author={A. N. Palmer},
title={Stratigraphic and Structural Control of Cave Development
and Groundwater Flow in the Mammoth Cave Area},
booktitle={Karst Hydrology},
editor={W. B. White and E. L. White},
publisher={Van Nostrand Reinhold},
address={New York},
pages={293--317},
year=1989,
}

@incollection{palmer:an89b,
author={A. N. Palmer},
title={Geomorphic History of the Mammoth Cave System},
booktitle={Karst Hydrology},
editor={W. B. White and E. L. White},
publisher={Van Nostrand Reinhold},
address={New York},
pages={317--338},
year=1989,
}

@article{perry:e95,
author	={E. Perry and L. Martin and J. McClain and G. Vel\'{a}zquez},
title	={Ring of Cenotes, Northwest Yucatan, Mexico: Its Hydrogeologic
Characteristics and Possible Association with the Chicxulub Impact Crater},
journal={Geology},
volume	=23,
pages	={17--20},
year	=1995,
}

@article{price:m96,
author	={M. Price},
title	={Discussion on ``Chalk fracture system characteristics:
implications for flow and solute transport''},
journal={Quarterly Journal of Engineering Geology},
volume	=29,
pages	={93-96},
year	=1996,
}

@incollection{quinlan:jf89,
author={J. F. Quinlan and R. O. Ewers},
title={Subsurface drainage in the Mammoth Cave Area},
booktitle={Karst Hydrology},
editor={W. B. White and E. L. White},
publisher={Van Nostrand Reinhold},
address={New York},
pages={65--104},
year=1989,
}

@article{reams:mw92,
author	={M. W. Reams},
title	={Fractal Dimensions of Sinkholes},
journal={Geomorphology},
volume	=5,
pages	={159--165},
year	=1992,
}

@article{ritzi:rw92,
author	={R. W. Ritzi and R. H. Andolsek},
title	={Relation Between Anisotropic Transmissivity and
Azimuthal Resistivity Surveys in Shallow, Fractured
Carbonate Flow Systems},
journal={Ground Water},
volume	=30,
pages	={774-780},
year	=1992,
}

@article{sasowsky:id94,
author	={I. D. Sasowsky and W. B. White},
title	={The Role of Stress Release Fracturing in the 
development of cavernous porosity in carbonate Aquifers},
journal=WRR,
volume	=30,
pages	={3523-3530},
year	=1994,
comment={Develops theory of ``Cumberland Style'' caves.
Descibes several large Tennessee caves, and illustrates
the role of stress relief fracturing in forming open joints
to support dissolution.},
}


@inproceedings{sodervert:ad88,
author={A. D. {Sodervert, II}},
title={Foundation Treatment of Karstic Features Under TVA Dams},
booktitle={Geotechnical Aspects of Karst Terrains: Exploration, Foundation
Design and Performance, and Remedial Measures},
editor={N. Sitar},
organization={ASCE},
pages={149--164},
year=1988,
}

@inproceedings{vandevelde:gt88,
author={G. T. Vandevelde and N. G. Smith},
title={Geotechnical Exploration and Site Preparation Techniques for 
Large Mall in Karst Terrain},
booktitle={Geotechnical Aspects of Karst Terrains: Exploration, Foundation
Design and Performance, and Remedial Measures},
editor={N. Sitar},
organization={ASCE},
pages={86--96},
year=1988,
}

@inproceedings{weber:lc88,
author={L. C. Weber},
title={Exploring Karst Terrains with Air Track Drilling},
booktitle={Geotechnical Aspects of Karst Terrains: Exploration, Foundation
Design and Performance, and Remedial Measures},
editor={N. Sitar},
organization={ASCE},
pages={68--73},
year=1988,
}

@inproceedings{welsh:jp88,
author={J. P. Welsh},
title={Sinkhole Recification by Compaction Grouting},
booktitle={Geotechnical Aspects of Karst Terrains: Exploration, Foundation
Design and Performance, and Remedial Measures},
editor={N. Sitar},
organization={ASCE},
pages={115--132},
year=1988,
}

@article{white:wb66,
author	={W. B. White and V. A. Schmidt},
title	={Hydrology of an Karst Area in East-Central West Virginia},
journal={WR},
volume	=2,
pages	={549-560},
year	=1966,
}

@incollection{ewhite:el89a,
author={E. L. White},
title={Flood Hydrology},
booktitle={Karst Hydrology},
editor={W. B. White and E. L. White},
publisher={Van Nostrand Reinhold},
address={New York},
pages={127--144},
year=1989,
}

@incollection{white:wb89a,
author={W. B. White},
title={Introduction to the Karst Hydrology of the Mammoth Cave Area},
booktitle={Karst Hydrology},
editor={W. B. White and E. L. White},
publisher={Van Nostrand Reinhold},
address={New York},
pages={1--14},
year=1989,
}

@incollection{white:wb89b,
author={W. B. White and Deike III, G. H. },
title={Hydraulic Geometry of Cave Passages},
booktitle={Karst Hydrology},
editor={W. B. White and E. L. White},
publisher={Van Nostrand Reinhold},
address={New York},
pages={223--258},
year=1989,
}

@inproceedings{wilson:wl88,
author={W. L. Wilson and B. F. Beck},
title={Evaluating Sinkhole Hazards in Mantled Karst Terrain},
booktitle={Geotechnical Aspects of Karst Terrains: Exploration, Foundation
Design and Performance, and Remedial Measures},
editor={N. Sitar},
organization={ASCE},
pages={1--24},
year=1988,
}


@article{wilson:wl92,
author	={W. L. Wilson and B. F. Beck},
title	={Hydrogeologic Factors Affecting New 
Sinkhole Development in the Orlando Area, Florida},
journal={Ground Water},
volume	=30,
pages	={918--930},
year	=1992,
}

@article{younger:pl95,
author	={P. L. Younger and T. Elliot},
title	={Chalk Fracture system characteristics: 
implications for flow and solute transport},
journal={Quarterly Journal of Engineering Geology},
volume	=28,
pages	={S39-S50},
year	=95,
}


@article{younger:pl96,
author	={P. L. Younger and T. Elliot},
title	={Reply to M. Price on ``Chalk Fracture system characteristics:
implications for flow and solute transport},
journal={Quarterly Journal of Engineering Geology},
volume	=29,
pages	={93-96},
year	=1996,
}


@article{zhang:d93,
author	={D. Zhang},
title	={Bedding Karst and Multilayered Groundwater Flows in 
Karstic Block Mountains in the Northeast of Mount Xishan, 
Taiyuan, China},
journal={Quarterly Journal of Engineering Geology},
volume	=26,
pages	={205--216},
year	=1993,
}

