%  Landslide bibliography database

%% bibtexfile{
%% author	="David M. Doolin",
%% email	="doolin at cs.utk.edu" }
%% $Author: doolin $
%% $Source: /home/users/doolin/cvsroot/tex/bibs/landslide.bib,v $
%% $Date: 2004/05/03 23:22:35 $
%% $Revision: 1.9 $



@String{GSAB={Geological Society of America Bulletin}}
@String{IJRM={Int. J. Rock Mech. Min. Sci. \& Geomech. Abstr.}}
@String{JGR="Journal Of Geophysical Research"}
@String{IJMGE="International Journal Of Mining and Engineering"}
@String{BAEG="Bulletin of the Association of Engineering Geologists"}
@String{WRR="Water Resources Research"}
@String{GW="Ground Water"}
@String{JSG="Journal of Structural Geology"}





@Article{dade:wb1998,
  author = 	 {W. B. Dade and H. E. Hubbert},
  title = 	 {Long-runout rockfalls},
  journal = 	 {Geology},
  year = 	 {1998},
  OPTkey = 	 {},
  volume = 	 {26},
  OPTnumber = 	 {},
  pages = 	 {803-806},
  OPTmonth = 	 {},
  OPTnote = 	 {},
  OPTannote = 	 {}
}

@Article{eppler:db1987,
  author = 	 {D. B. Eppler and J. Fink and R. Fletcher},
  title = 	 {Rheological Properties and Kinematics of 
emplacement of the Chaos Jumbles Rockfall Avalanche,
Lassen Volcanic National Park, California},
  journal = 	 JGR,
  year = 	 {1987},
  OPTkey = 	 {},
  volume = 	 {92},
  OPTnumber = 	 {},
  pages = 	 {3623-3633},
  OPTmonth = 	 {},
  OPTnote = 	 {},
  OPTannote = 	 {}
}


@techreport{hendron:aj1985,
author = {A. J. Hendron and F. D. Patton},
title = {The {V}aiont Slide, a geotechnical Analysis Based on New
Geologic Observations of the Failure Surface},
institution ={US Army Corps of Engineers},
type = {Report {GL}-85-5},
address ={US Army Corps of Engineers Waterways Experiment Station,
Vicksburg, MS},
year =1985,
}



@Article{jaeger:c1968,
  author = 	 {C. Jaeger},
  title = 	 {The dynamics of the slide
(discussion of paper by {L.} {M}uller on new 
considerations on the {V}aiont slide},
  journal = 	 {Rock Mechanics and Engineering
Geology: Journal of the International Society for 
Rock Mechanics},
  year = 	 {1968},
  OPTkey = 	 {},
  volume = 	 {6},
  OPTnumber = 	 {4},
  pages = 	 {243-247},
  OPTmonth = 	 {},
  OPTnote = 	 {},
  OPTannote = 	 {}
}



@InProceedings{lo:ky1972,
  author = 	 {K. Y. Lo and C. F. Lee and P. Gelinas},
  title = 	 {Alternative interpretation of the {V}aiont 
slide},
  booktitle = 	 {Stability of Rock Slopes: Proceedings of 
the 13th Symposium on Rock Mechanics, University of 
Illinois, Urbana},
  OPTcrossref =  {},
  OPTkey = 	 {},
  pages = 	 {595-623},
  year = 	 {1972},
  editor = 	 {E. J. Cording},
  OPTvolume = 	 {},
  OPTnumber = 	 {},
  OPTseries = 	 {},
  address = 	 {New York},
  OPTmonth = 	 {},
  OPTorganization = {},
  publisher = {ASCE},
  OPTnote = 	 {},
  OPTannote = 	 {}
}

@Article{morrissey:mm1999,
  author = 	 {M. M. Morrissey and W. Z. Savage},
  title = 	 {Air blasts generated by rockfall impacts:
Analysis of the 1996 {H}appy {I}sles event in {Y}osemite {N}ational 
{P}ark},
  journal = 	 JGR,
  year = 	 {1999},
  OPTkey = 	 {},
  volume = 	 {104},
  OPTnumber = 	 {},
  pages = 	 {23,189-23,198},
  OPTmonth = 	 {},
  OPTnote = 	 {},
  OPTannote = 	 {}
}


@Article{muller:l1964,
  author = 	 {L. Muller},
  title = 	 {The rockslide in the {V}ajont valley},
  journal = 	 {Rock Mechanics and Engineering Geology:
Journal of the International Society for Rock Mechanics},
  year = 	 {1964},
  OPTkey = 	 {},
  volume = 	 {2},
  OPTnumber = 	 {},
  pages = 	 {148-212},
  OPTmonth = 	 {},
  OPTnote = 	 {},
  OPTannote = 	 {}
}





@Article{muller:l1968,
  author = 	 {L. Muller},
  title = 	 {New considerations on the {V}aiont Slide},
  journal = 	 {Rock Mechanics and Engineering Geology:
Journal of the International Society for Rock Mechanics},
  year = 	 {1968},
  OPTkey = 	 {},
  volume = 	 {6},
  OPTnumber = 	 {1},
  pages = 	 {1-91},
  OPTmonth = 	 {},
  OPTnote = 	 {},
  OPTannote = 	 {}
}

@article{okura:y2000a,
author	={Y. Okura and H. Kitahara and T Sammori},
title	={Fluidization in Dry Landslides},
journal={Engineering Geology},
volume	=56,
pages	={347-360},
year	=2000,
}


@article{okura:y2000b,
title	={The effects of rockfall volume on runout distance},
author	={Y. Okura and H. Kitahara and T. Sammori and A. Kawanami},
journal={Engineering Geology},
volume	=58,
pages	={109-124},
year	=2000,
}




@Article{pfeiffer:tj1989,
  author = 	 {T. J. Pfeiffer and T. D. Bowen},
  title = 	 {Computer simulation of rockfalls},
  journal = 	 {Bulletin of the Association of Engineering 
Geologists},
  year = 	 {1989},
  OPTkey = 	 {},
  volume = 	 {XXVI},
  OPTnumber = 	 {},
  pages = 	 {135-146},
  OPTmonth = 	 {},
  OPTnote = 	 {},
  OPTannote = 	 {}
}



@Article{pfeiffer:tj?,
  author = 	 {T. J. Pfeiffer and J. D. Higgins},
  title = 	 {Rockfall Hazard Analysis Using the 
Colorado Rockfall Simulation Program},
  journal = 	 {Transportation Research Record},
  year = 	 {???},
  OPTkey = 	 {},
  OPTvolume = 	 {},
  OPTnumber = 	 {},
  pages = 	 {117-126},
  OPTmonth = 	 {},
  OPTnote = 	 {},
  OPTannote = 	 {}
}

@article{straub:s1997a,
author	={S. Straub},
title	={Predictability of long runout landslide motion:
implications from granular flow mechanics},
journal={Geol Rundsch},
volume	=86,
pages	={415-425},
year	=1997,
}





@Book{voight:b1979,
  ALTauthor = 	 {},
  editor = 	 {B. Voight},
  title = 	 {Rockslides and Avalanches},
  publisher = 	 {Elsevier},
  year = 	 {1979},
  OPTkey = 	 {},
  OPTvolume = 	 {},
  OPTnumber = 	 {},
  series = 	 {Developments in Geotechnical Engineering, 
Vol 14A and 14B},
  address = 	 {Amsterdam},
  OPTedition = 	 {},
  OPTmonth = 	 {},
  OPTnote = 	 {},
  OPTannote = 	 {}
}

@article{voight:b1982,
author	={B. Voight and C. Faust},
title	={Frictional heat and strength loss in some rapid landslides}, 
journal={G{\'e}otechnique},
volume	=32,
pages	={43-54},
year	=1982,
}


@article{voight:b1992,
author	={B. Voight and C. Faust},
title	={Frictional heat and strength loss in some rapid landslides:
error correction and affirmation of mechanism for the Vaiont lanslide}, 
journal={G{\'e}otechnique},
volume	=42,
pages	={641-643},
year	=1992,
}

