%  Math text books and articles in my bibliography database.

%% bibtexfile{
%% author	="David M. Doolin",
%% version 	="1.0",
%% year	="11 june 94",
%% filename	="text.bib",
%% address	="utk",
%% email	="doolin at cs.utk.edu"
%% $Author: doolin $




@String{GSAB={Geological Society of America Bulletin}}
@String{IJRM={Int. J. Rock Mech. Min. Sci. \& Geomech. Abstr.}}
@String{JGR="Journal Of Geophysical Research"}
@String{IJMGE="International Journal Of Mining and Engineering"}
@String{BAEG="Bulletin of the Association of Engineering Geologists"}
@String{WRR="Water Resources Research"}
@String{GW="Ground Water"}
@String{JSG="Journal of Structural Geology"}
@String{SIAM="Society for Industrial and Applied Mathematics"}
@String{ETNA={Electronic Transactions on Numerical Analysis}}


@book{ahlfors:lv1979,
author	={L. V. Ahlfors},
title	= {Complex Analysis},
edition={3rd},
publisher={McGraw-Hill Book Company},
address={New York},
year	=1979,
}



@book{akivis:ma72,
author	={M. A. Akivis and R. A. Silverman},
title	= {An Introduction to Linear Algebra and Tensors},
edition={},
publisher={Dover Publications, Inc.},
address={New York},
year	=1972,
}



@article{alagar:v76,
author	={V. Alagar},
title	={The distribution of the distance between random points},
journal={Journal of Applied Probability},
volume	=13,
pages	={558-566},
year	=1976,
}

@book{ang:a75I,
author	={A. {H-S.} Ang and W. S. Tang},
title	= {Probability Concepts in Engineering Planning
and Design},
publisher={John Wiley \& Sons},
address={New York },
year	= 1975,
}


@book{arnold:vi1989,
author	={V. I. Arnol\'d},
title	= {Mathematical Methods of Classical Mechanics},
edition={2d},
publisher={Springer Verlag},
address={New York},
year	=1989,
}


@book{auslander:l1963,
author	={L. Auslander and R. E. MacKenzie},
title	= {Introduction to Differentiable Manifolds},
edition={},
publisher={McGraw-Hill Book Company, Inc.},
address={New York},
year	=1963,
}



@book{axler:s1997,
author	={S. Axler},
title	= {Linear Algebra Done Right},
edition={2d},
publisher={Springer-Verlag},
address={New York},
year	=1997,
}



@book{baker:aj91,
author	={A. J. Baker and D. W. Pepper},
title	= {Finite Elements 1-2-3},
publisher={McGraw-Hill, Inc.},
address={New York},
year	=1991,
comment={Excellent elementary treatment of Galerkin 
weak statement methodology for finite element modeling.},
}



@book{barnett:ra87,
author	={R. A. Barnett and M. R. Ziegler},
title	= {Linear Algebra: An Introduction with Applications},
publisher={Dellen Publishing Company},
address={San Francisco, CA},
year	=1987,
}

@BOOK{barret:r1994, 
AUTHOR = {R. Barrett and M. Berry and T. F. Chan 
and J. Demmel and J. Donato and J.
Dongarra and V. Eijkhout and R. Pozo and C. Romine and H. Van der Vorst }, 
TITLE = {Templates for the Solution of Linear 
Systems: Building Blocks for Iterative Methods,
2nd Edition}, 
PUBLISHER = {SIAM}, 
YEAR = {1994}, 
ADDRESS = {Philadelphia, PA} 
} 

@book{becker:eb81,
author	={E. B. Becker and G. F. Carey and J. T. Oden},
title	= {Finite Elements, an Introduction},
edition={},
publisher={University of Texas},
address={Austin, Texas},
year	=1981,
}



@book{bender:cm78,
author	={C. M. Bender and S. A. Orszag},
title	= {Advanced Mathematical Methods for Scientists and 
Engineers},
edition={},
publisher={McGraw-Hill Publishing Company},
address={New York},
year	=1978,
}


@book{bocarra:n90,
author	={N. Bocarra},
title	={Functional Analysis---An introduction for physicists},
edition={},
publisher={Academic Press, Inc},
address={New York},
year	=1990,
}






@Book{brand:l1966,
  author = 	 {L. Brand},
  ALTeditor = 	 {},
  title = 	 {Differential and difference equations},
  publisher = 	 {John Wiley \& Sons},
  year = 	 {1966},
  OPTkey = 	 {},
  OPTvolume = 	 {},
  OPTnumber = 	 {},
  OPTseries = 	 {},
  OPTaddress = 	 {},
  OPTedition = 	 {},
  OPTmonth = 	 {},
  note = 	 {Lots of standard stuff.  In additions, 
Brand has discussions on 
Clairaut's equation, Liapunov stability, limit cycles, particle
dynamics, Casorati determinant, power shifts, a whole chapter on 
Mikusin\`nski's operational calculus, Pr\:ufer equations and 
Picard iteration.},
  OPTannote = 	 {}
}

@book{bremaud:p88,
author	={P. Br{\'e}maud},
title	= {An Introduction to Probabilistic Modeling},
publisher={Springer-Verlag},
address={New York},
year	=1988,
}

@book{burden:rl85,
author	={R. L. Burden and J. D. Faires},
title	= {Numerical Analysis},
edition={3rd},
publisher={PWS Publishers},
address={Boston},
year	=1985,
}


@book{cairns:ss61,
author	={S. S. Cairns},
title	= {Introductory Topology},
edition={},
publisher={The Ronald Press Company},
address={New York},
year	=1961,
}

@book{carslaw:hs59,
author	={H. S. Carslaw and J. C. Jaeger},
title	= {Conduction of Heat in Solids},
edition={2d},
publisher={Oxford},
address={Clarendon},
year	=1959,
}

@book{churchhill:rv58,
author	={R. V. Churchill},
title	= {Operational Mathematics},
edition={2d},
publisher={McGraw-Hill},
address={New York},
year	=1958,
}


@book{ciarlet:pg89,
author	={P. G. Ciarlet},
title	= {Introduction to numerical linear algebra
and optimisation},
edition={},
publisher={Cambridge University Press},
address={Cambridge},
year	=1989,
}



@book{cox:dr62,
author	={D. R. Cox},
title	= {Renewal Theory},
publisher={Methuen \& Co. {LTD}},
address={London},
year	=1962,
}



@article{crofton:mw1868,
author	={M. W. Crofton},
title	={On the Theory of Local Probability, Applied to 
Straight Lines Drawn at Random in a Plane},
journal={Philosophical Transactions of the Royal Society 
of London},
volume	=158,
pages	={181-199},
year	=1868,
}

@article{demmel:1995,
author	={J. W. Demmel and N. J. Highham and R. S. Schreiber},
title	={Stability of Block $LU$ Factorization},
journal={Numerical Linear Algebra with Applications},
volume	=2,
pages	={173-190},
year	=1995,
}




@book{demmel:jw1997,
author	={J. W. Demmel},
title	= {Applied Numerical Linear Algebra},
edition={},
publisher={Society for Industrial and Applied Mathematics},
address={Philadelphia},
year	=1997,
}



@Article{dubrulle:aa1999,
  author = 	 {A. A. Dubrulle},
  title = 	 {An Optimum iteration for the matrix 
polar decomposition},
  journal = 	 ETNA,
  year = 	 {},
  OPTkey = 	 {},
  OPTvolume = 	 {},
  OPTnumber = 	 {},
  OPTpages = 	 {},
  OPTmonth = 	 {},
  OPTnote = 	 {},
  OPTannote = 	 {}
}






@Book{golub:g1996,
  author = 	 {G. Golub and C. {Van Loan}},
  ALTeditor = 	 {},
  title = 	 {Matrix Computations},
  publisher = 	 {Johns Hopkins Press},
  year = 	 {1996},
  OPTkey = 	 {},
  OPTvolume = 	 {},
  OPTnumber = 	 {},
  OPTseries = 	 {},
  OPTaddress = 	 {},
  OPTedition = 	 {},
  OPTmonth = 	 {},
  OPTnote = 	 {},
  OPTannote = 	 {}
}

@InCollection{hughes:tjr1983a,
  author = 	 {T. J. R. Hughes},
  title = 	 {Analysis of Transient Algorithms with 
Particular Reference to Stability Behavior},
  booktitle = 	 {Computational Methods for Transient Analysis},
  OPTcrossref =  {},
  OPTkey = 	 {},
  pages = 	 {67-155},
  publisher = {Elsevier Science Publishers B.V.},
  year = 	 {1983},
  editor = 	 {T. Belytschko and T. J. R. Hughes},
  OPTvolume = 	 {},
  OPTnumber = 	 {},
  OPTseries = 	 {},
  OPTtype = 	 {},
  OPTchapter = 	 {2},
  OPTaddress = 	 {},
  OPTedition = 	 {},
  OPTmonth = 	 {},
  OPTnote = 	 {},
  annote = 	 {Copy of chapter.}
}


@book{edwards:hm1994,
author	={H. M. Edwards},
title	= {Advanced Calculus: A Differential Forms Approach},
edition={},
publisher={Birkh\"auser},
address={Boston},
year	=1994,
}




@book{farlow:sj92,
title	={Partial Differential Equations for Scientists
and Engineers},
author	= {S. J. Farlow},
edition={},
publisher={Dover Publications, Inc.},
address={New York},
year	=1992,
}


@book{feller:w68I,
author	={W. Feller},
title	= {An Introduction to Probability Theory and its Applications,
Volume 1},
edition={3rd},
publisher={John Wiley \& Sons, Inc.},
address={New York},
year	=1968,
}


@book{feller:w66II,
author	={W. Feller},
title	= {An Introduction to Probability Theory and its Applications,
Volume 2},
edition={2nd},
publisher={John Wiley \& Sons, Inc.},
address={New York},
year	=1966,
}

@techreport{fischbach:jw53,
author = {J. W. Fischbach},
title = {The numerical solution of non-linear 
differential equations by the method of steepest descent},
institution ={Ballistic Research Laboratories},
type = {Memorandum {R}eport {N}o. 646},
address = {Aberdeen Proving Ground, Maryland},
year =1953,
}
 
@book{fisz:m63,
author	={M. Fisz},
title	= {Probability Theory and Mathematical Statistics},
publisher={John Wiley \& Sons, Inc.},
address={New York},
year	=1963,
}



@book{flanders:h1989,
author	={H. Flanders},
title	= {Differential Forms with Application to the 
Physical Sciences},
edition={},
publisher={Dover Publications, Inc},
address={Mineola, New York},
year	=1989,
}



@book{fox:l65,
author	={L.  Fox},
title	= {An Introduction to Numerical Linear Algebra},
edition={},
publisher={Oxford University Press},
address={New York},
year	=1965,
}




@Book{frankel:t1997,
  author = 	 {T. Frankel},
  ALTeditor = 	 {},
  title = 	 {The Geometry of Physics},
  publisher = 	 {Cambridge University Press},
  year = 	 {1997},
  OPTkey = 	 {},
  OPTvolume = 	 {},
  OPTnumber = 	 {},
  OPTseries = 	 {},
  address = 	 {New York},
  OPTedition = 	 {},
  OPTmonth = 	 {},
  OPTnote = 	 {},
  OPTannote = 	 {}
}

@article{gilliam:jf82,
author	={J. F. Gilliam and R. F. green and N. E. Pearson},
title	={The fallacy of the traffic policeman: a response
to {T}empleton and {L}awlor},
journal={The American Naturalist},
volume	=119,
pages	={875-878},
year	=1982,
}

@book{goursat:e1904,
author	={E. Goursat},
title	= {A course in mathematical analysis---Vol. 1},
edition={{D}over (1959)},
publisher={Dover (Ginn and Company)},
address={New York},
year	={1904},
}



@Book{graham:rl89,
  author = 	 {R. L. Graham and D. E. Knuth and O. Patashnik},
  title = 	 {Concrete Mathematics},
  publisher = 	 {Addison-Wesley},
  year = 	 {1989},
}

@article{greenberg:i80,
author	={I. Greenberg},
title	={The moments of coverage of a linear set},
journal={Journal of Applied Probability},
volume	=17,
pages	={865-868},
year	=1980,
}

@book{halmos:pr1987,
author	={P. R. Halmos},
title	= {Finite-dimensional vector spaces},
edition={},
publisher={Springer-Verlag},
address={New York},
year	=1987,
}


@book{hart:gw1995,
author	={G. W. Hart},
title	= {Multidimensional Analysis},
edition={},
publisher={Springer-Verlag},
address={New York},
year	=1995,
}

@book{hefferon:j2017,
  title = {Linear Algebra},
  edition = {3rd},
  author = {J. Hefferon},
  year = 2017,
  note = "\url{http://joshua.smcvt.edu/linearalgebra}"
}

@book{higham:nj1996,
author	={N. J. Higham},
title	= {Accuracy and stability of numerical algorithms},
edition={},
publisher={Society for Industrial and Applied Mathematics},
address={Philadelphia, PA},
year	=1996,
}


@book{janich:k1984,
author	={K. Janich},
title	= {Topology},
edition={},
publisher={Springer Verlag},
address={New York},
year	=1984,
}




@book{jennings:a1977,
author	={A. Jennings},
title	= {Matrix Computation for Scientists and Engineers},
edition={},
publisher={John Wiley \& Sons},
address={New York},
year	=1977,
}


@book{kay:dc88,
author	={D. C. Kay},
title	= {Tensor Calculus},
edition={},
publisher={McGraw-Hill, Inc.},
address={New York},
year	=1988,
}


@book{kincaid:d96,
author	={D. Kincaid and W. Cheney},
title	= {Numerical Analysis --- Mathematics of 
Scientific Computation},
edition={2d},
publisher={Brooks$/$Cole Publishing Conpany},
address={New York},
year	=1996,
}





@book{marsden:je1994a,
author	={J. E. Marsden and T. J. R. Hughes},
title	= {Mathematical Foundations of Elasticity},
edition={},
publisher={Dover},
address={},
year	=1994,
}




@InProceedings{moenk:rt1976,
  author = 	 {R. T. Moenk},
  title = 	 {Practical fast polynomial multiplication},
  booktitle = 	 {Proceedings of the 1976 {ACM}
Symposium on Symbolic and Algebraic Computation},
  OPTcrossref =  {},
  OPTkey = 	 {},
  pages = 	 {136-148},
  year = 	 {1976},
  OPTeditor = 	 {},
  OPTvolume = 	 {},
  OPTnumber = 	 {},
  OPTseries = 	 {},
  OPTaddress = 	 {},
  OPTmonth = 	 {},
  OPTorganization = {},
  OPTpublisher = {},
  OPTnote = 	 {},
  OPTannote = 	 {Errata: p. 137 In the equation at the
bottom of the first column, $b_i$ should be $b_j$. In the 
second column, the expression for the work required for FFT,
the expression $9/2 \log M \log M + 5M$ should read 
$9/2 M \log M + 5M$}
}


@book{moise:ee74,
author	={E. E. Moise},
title	= {Elementary Geometry from an Advanced Standpoint},
edition={2d},
publisher={Addison-Wesley Publishing Company},
address={Menlo Park, California},
year	=1974,
}


@article{moore:aw95,
author	={A. W. Moore},
title	={A brief history of infinity},
journal={Scientific American},
volume	={},
pages	={112-116},
year	=1995,
}

@book{nagle:rk89,
author	={R. K. Nagle and E. B. Saff},
title	= {Fundamentals of Differential Equations},
edition={2nd},
publisher={Benjamin$/$Cummings Publishing Company, Inc.},
address={New York},
year	=1989,
}


@book{nelson:r95,
author	={R. Nelson},
title	= {Probability, Stochastic Processes, and Queuing Theory},
publisher={Springer-Verlag},
address={New York},
year	=1995,
}



@book{paterson78,
author ={M. S. Paterson},
title	={Experimental Rock Deformation: The Brittle Field}, 
publisher={Springer--Verlag},
address={New York}, 
year	={1988}, 
}

@article{parker:p76,
author	={P. Parker and R. Cowan},
title	={Some properties of line segment processes},
journal={Journal of Applied Probability},
volume	=13,
pages	={96-107},
year	=1976,
}



@article{parlett:bn1965,
author	={B. N. Parlett},
title	={Matrix eigenvalue problems},
journal={Amer. Math. Monthly},
volume	=72,
pages	={59-66},
year	=1965,
}


@book{reddy:jn1993,
author	={J. N. Reddy},
title	= {An introduction to the Finite Element Method},
edition={2nd},
publisher={McGraw-Hill},
address={Boston},
year	=1993,
}


@book{rosen:kh88,
author	={K. H. Rosen},
title	={Discrete mathematics and its applications},
publisher={Random House},
address={New York},
year	=1988,
}




@Book{rudin:w1976,
  author = 	 {W. Rudin},
  ALTeditor = 	 {},
  title = 	 {Principles of Mathematical Analysis},
  publisher = 	 {McGraw-Hill, Inc.},
  year = 	 {1976},
  OPTkey = 	 {},
  OPTvolume = 	 {},
  OPTnumber = 	 {},
  OPTseries = 	 {},
  address = 	 {New York},
  edition = 	 {3rd},
  OPTmonth = 	 {},
  OPTnote = 	 {},
  OPTannote = 	 {}
}

@techreport{salamin:e79,
author = {E. Salamin},
title = {Application of Quaternions to Computation with 
Rotations},
institution ={Stanford University},
type = {Working paper, Stanford AI Lab.},
address = {Stanford University},
year =1979,
}
 
@book{segerlind:lj84,
author	={L. J. Segerlind},
title	= {Applied Finite Element Analysis},
edition={},
publisher={John Wiley and Sons},
address={New York},
year	=1984,
}

@book{simmonds:jg94,
author	={J. G. Simmonds},
title	= {A Brief on Tensor Analysis},
edition={2nd},
publisher={Springer-Verlag},
address={New York},
year	=1994,
}



@book{singer:im1967,
author	={I. M. Singer and J. A. Thorpe},
title	= {Lecture Notes on Elementary Topology and Geometry},
edition={},
publisher={Springer-Verlag},
address={New York},
year	=1967,
}



@unpublished{shores:t,
author	={T. Shores and C. Tiahrt},
title	={Subspace Projection Variants on Newton's Method},
note	={From WWW},
year	={???},
}

@book{sokolnikoff:is1966,
author	={I. S. Sokolnikoff and R. M. Redheffer},
title	= {Mathematics of Physics and Modern Engineering},
edition={2nd},
publisher={McGraw-Hill},
address={New York},
year	=1966,
}

@article{solomon:h80,
author	={H. Solomon and M. A. Stephens},
title	={Approximations to Densities in 
Geometric Probability},
journal={Journal of Applied Probability},
volume	=17,
pages	={145-153},
year	=1980,
comment={Used computer to back out distributions
from measured moments.},
}

@book{spiegel:mr59,
author	={M. R. Spiegel},
title	= {Vector Analysis},
edition={},
publisher={McGraw-Hill Book Company},
address={New York},
year	=1959,
}


@book{stahl:s93,
author	={S. Stahl},
title	= {The Poincar{\'e} Half Plane:  A 
gateway to Modern Geometry},
edition={},
publisher={Jones and Bartlett},
address={Boston},
year	=1993,
}


@book{stewart:gw1998,
author	={G. W. Stewart},
title	= {Matrix Algorithms Volume 1: Basic Decompositions},
edition={},
publisher={Society for industrial and Applied Mathematics},
address={Philadelphia, PA},
year	=1998,
}



@book{swokowski:ew88,
author	={E. W. Swokowski},
title	= {Calculus --with-- Analytic Geometry},
edition={4th.},
publisher={PWS--Kent Publishing Company},
address={Boston},
year	=1988,
comment={I need to get the year on this book.}
}

@book{taylor:hm84,
author	={H. M. Taylor and S. Karlin},
title	= {An Introduction to Stochastic Processes},
publisher={Academic Press, Inc.},
address={New York},
year	=1984,
}

@book{thomson:wt60,
author	={W. T. Thomson},
title	= {Laplace Transformation},
edition={Second},
publisher={Prentice-Hall, Inc},
address={Englewood Cliffs, New Jersey},
year	=1960,
comment={Excellent graphical illustration deriving the
convolution integral.},
}

@book{thorpe:ja79,
author	={J. A. Thorpe},
title	= {Elementary topics in Differential Geometry},
edition={},
publisher={Springer-Verlag},
address={New York},
year	=1979,
}


@book{truesdell:ca1991,
author	={C. Truesdell},
title	= {A First Course in Rational Continuum Mechanics},
edition={2d},
publisher={Academic Press},
address={New York},
year	=1991,
}



@article{turelli:m82,
author	={M. Turelli and J. H. Gillespie and T. W. Schoener},
title	={The fallacy of the fallacy of the averages in
ecological optimization theory},
journal={The American Naturalist},
volume	=119,
pages	={879-884},
year	=1982,
}

@book{weast:rc64,
author	={R. C. Weast and S. M. Selby and C. D. Hodgeman},
title	= {Handbook of Mathematical Tables},
edition={2d},
publisher={The Chemical Rubber Company},
address={Cleveland, Ohio},
year	=1964,
}


@book{weinstock:r74,
author	={R. Weinstock},
title	= {Calculus of Variations},
edition={},
publisher={Dover Publications, Inc.},
address={Don Mills, Ontario},
year	=1974,
}



@Book{wood:wl1990,
  author = 	 {W. L. Wood},
  ALTeditor = 	 {},
  title = 	 {Practical Time-stepping schemes},
  publisher = 	 {Oxford University Press},
  year = 	 {1990},
  OPTkey = 	 {},
  OPTvolume = 	 {},
  OPTnumber = 	 {},
  OPTseries = 	 {},
  address = 	 {New York},
  OPTedition = 	 {},
  OPTmonth = 	 {},
  OPTnote = 	 {},
  OPTannote = 	 {}
}

@book{wylie:cr1982,
author	={C. R. Wylie and L. C. Barrett},
title	= {Advanced Engineering Mathematics},
edition={5th},
publisher={McGraw-Hill},
address={New York},
year	=1982,
}

