%  DDA bibliography database

%% bibtexfile{
%% author	="David M. Doolin",
%% version 	="1.0",
%% year	="97",
%% filename	="mechanics.bib",
%% address	="utk",
%% email	="doolin at cs.utk.edu" }
%% $Author: doolin $


@String{GSAB={Geological Society of America Bulletin}}
@String{IJRM={Int. J. Rock Mech. Min. Sci. \& Geomech. Abstr.}}
@String{JGR="Journal Of Geophysical Research"}
@String{IJMGE="International Journal Of Mining and Engineering"}
@String{BAEG="Bulletin of the Association of Engineering Geologists"}
@String{WRR="Water Resources Research"}
@String{GW="Ground Water"}
@String{JSG="Journal of Structural Geology"}
@String{ARMA={Arch. Rat. Mech. Anal.}}
@String{IJNME={Int. J. Num. Meth. Engng.}}
@String{CMAME={Comp. Meth. Appl. Mech. Eng.}}
@String{EESD={Earthquake Engng Struct. Dyn.}}



@Book{angeles:j1988,
  author = 	 {J. Angeles},
  ALTeditor = 	 {},
  title = 	 {Rational Kinematics},
  publisher = 	 {Springer-Verlag},
  year = 	 {1988},
  OPTkey = 	 {},
  OPTvolume = 	 {},
  OPTnumber = 	 {},
  OPTseries = 	 {},
  address = 	 {New York},
  OPTedition = 	 {},
  OPTmonth = 	 {},
  OPTnote = 	 {},
  OPTannote = 	 {}
}

@article{anitescu:m1999,
author	={M. Anitescu and F. A. Potra and D. E. Stewart},
title	={Time-stepping for three-dimensional rigid body dynamics},
journal={Computer methods in applied mechanics and engineering},
volume	=177,
pages	={183-197},
year	=1999,
}


@book{arczewski:k1993,
author	={K. Arczewski and J. Pietrucha},
title	= {Mathematical modelling of mechanical complex systems},
edition={},
publisher={Ellis Horwood Limited},
address={ Chichester, West Sussex UK},
year	=1993,
}




@Article{armero:f1998,
  author = 	 {F. Armero and E. Pet\''ocz},
  title = 	 {Formulation and analysis of conserving algorithms
for frictionless dynamic contact$/$impact problems},
  journal = 	 {Computer methods in applied mechanics and engineering},
  year = 	 {1998},
  OPTkey = 	 {},
  volume = 	 {158},
  OPTnumber = 	 {},
  pages = 	 {269-300},
  OPTmonth = 	 {},
  OPTnote = 	 {},
  OPTannote = 	 {}
}

@TechReport{armero:f1999a,
  author = 	 {F. Armero and I. Romero},
  title = 	 {On the formulation of high-frequency 
dissipative time-stepping algorithms for non-linear dynamics
{P}art {I}: Low order methods for two model problems and
nonlinear elastodynamics},
  institution =  {Department of Civil and Environmental Engineering},
  year = 	 {1999},
  OPTkey = 	 {},
  OPTtype = 	 {},
  number = 	 {UCB/SEMM-1999/05},
  address = 	 {University of California, Berkeley},
  month = 	 {February},
  OPTnote = 	 {},
  OPTannote = 	 {}
}


@TechReport{armero:f1999b,
  author = 	 {F. Armero and I. Romero},
  title = 	 {On the formulation of high-frequency 
dissipative time-stepping algorithms for non-linear dynamics
{P}art {II}: second order methods},
  institution =  {Department of Civil and Environmental Engineering},
  year = 	 {1999},
  OPTkey = 	 {},
  OPTtype = 	 {},
  number = 	 {UCB/SEMM-1999/06},
  address = 	 {University of California, Berkeley},
  month = 	 {July},
  OPTnote = 	 {},
  OPTannote = 	 {}
}



@Article{armero:f1999c,
  author = 	 {F. Armero and E. Pet\''ocz},
  title = 	 {A new dissipative time-stepping algorithm 
for frictional contact problems: formulation and analysis},
  journal = 	 {Computer methods in applied mechanics and 
engineering},
  year = 	 {1999},
  OPTkey = 	 {},
  volume = 	 {179},
  OPTnumber = 	 {},
  pages = 	 {151-178},
  OPTmonth = 	 {},
  OPTnote = 	 {},
  OPTannote = 	 {}
}

@article{bagnold:ra1954,
author	={R. A. Bagnold},
title	={Experiments on gravity-free dispersion
of large solid spheres in a Newtonian fluid under
shear},
journal={Proc. R. Soc. Lond. A},
volume	=225,
pages	={49-63},
year	=1954,
}

@article{bagnold:ra1956,
author	={R. A. Bagnold},
title	={The flow of cohesionless grains in fluid},
journal={Proc. R. Soc. Lond.},
volume	=249,
pages	={235-297},
year	=1956,
}

@incollection{barenblatt:gi???,
author	={G. I. Barenblatt},
title	={Self-similar turbulence from an instantaneous 
plane source},
booktitle={???},
editor	={G. I. Barenblatt and ?. Iooss},
publisher={??},
address={},
pages	={48-60},
year	={?},
}





@Article{basu:u2002,
  author = 	 {U. Basu and A. K. Chopra},
  title = 	 {Numerical Evaluation of the 
damping-solvent extraction method in the frequency domain},
  journal = 	 EESD,
  year = 	 {2002},
  OPTkey = 	 {},
  volume = 	 {31},
  OPTnumber = 	 {},
  pages = 	 {1231-1250},
  OPTmonth = 	 {},
  OPTnote = 	 {},
  OPTannote = 	 {}
}

@Book{bedford:a1985,
  author = 	 {A. Bedford},
  ALTeditor = 	 {},
  title = 	 {Hamilton's principle in continuum mechanics},
  publisher = 	 {Pitman Publishing Ltd.},
  year = 	 {1985},
  OPTkey = 	 {},
  OPTvolume = 	 {},
  OPTnumber = 	 {},
  OPTseries = 	 {},
  address = 	 {London},
  OPTedition = 	 {},
  OPTmonth = 	 {},
  OPTnote = 	 {},
  OPTannote = 	 {}
}

@Article{borja:ri1995,
  author = 	 {R. I. Borja and J. R. Wren},
  title = 	 {Micromechanics of granular media Part {I}:
{G}eneration of overall constitutive equation for assemblies 
of circular disks},
  journal = 	 {Computer methods in applied mechanics and engineering},
  year = 	 {1995},
  OPTkey = 	 {},
  volume = 	 {127},
  OPTnumber = 	 {},
  pages = 	 {13-36},
  OPTmonth = 	 {},
  OPTnote = 	 {},
  OPTannote = 	 {}
}

@article{casey:j1980,
author	={J. Casey and P. M. Naghdi},
title	={An Invariant Infinitesimal Theory of Motions
Superposed on a Given Motion},
journal={Arch. Rat. Mech. Anal.},
volume	=76,
pages	={355-391},
year	=1980,
}



@article{casey:j198?,
author	={J. Casey and P. M. Naghdi},
title	={Physically nonlinear and related approximate 
theories of elasticity, and their invariance properties},
journal={Arch. Rat. Mech. Anal.},
volume	={??},
pages	={90-82},
year	={19??},
}





@Book{chopra:ak1981,
  author = 	 {A. K. Chopra},
  ALTeditor = 	 {},
  title = 	 {Dynamics of Structures --- a primer},
  publisher = 	 {Earthquake Engineering Research Center},
  year = 	 {1981},
  OPTkey = 	 {},
  OPTvolume = 	 {},
  OPTnumber = 	 {},
  OPTseries = 	 {},
  address = 	 {Oakland, CA},
  OPTedition = 	 {},
  OPTmonth = 	 {},
  OPTnote = 	 {},
  OPTannote = 	 {}
}

@Article{cohen:h19??,
  author = 	 {H. Cohen and C.-C. Wang},
  title = 	 {A note on hyperelasticity},
  journal = 	 ARMA,
  year = 	 {???},
  OPTkey = 	 {},
  volume = 	 {???},
  OPTnumber = 	 {},
  pages = 	 {213-236},
  OPTmonth = 	 {},
  OPTnote = 	 {},
  OPTannote = 	 {}
}




@Article{cohen:h19??,
  author = 	 {H. Cohen and C.-C. Wang},
  title = 	 {On the response and symmetry of Elastic 
and hyperelastic membrane points},
  journal = 	 ARMA,
  year = 	 {19??},
  OPTkey = 	 {},
  volume = 	 {??},
  OPTnumber = 	 {},
  pages = 	 {356-391},
  OPTmonth = 	 {},
  OPTnote = 	 {},
  OPTannote = 	 {}
}

@article{fosdick:rl1979,
author	={R. L. Fosdick and J. Serrin},
title	={On the Imposibility of Linear {C}auchy and 
{P}iola-{K}irchhoff theories for stress in solids},
journal={Journal of Elasticity},
volume	=9,
pages	={83-89},
year	=1979,
}


@book{feynman:rp1963,
author	={R. P. Feynman and R. B. Leighton and M. Sands},
title	= {The Feynman Lectures on Physics},
edition={Commemorative},
publisher={Addison-Wesley Publishing Company},
address={Reading, MA},
year	=1989,
}



@article{green:ae1979,
author	={A. E. Green and P. M. Naghdi},
title	={A note on Invariance under Superposed 
Rigid Body Motions},
journal={Journal of Elasticity},
volume	=9,
pages	={1-8},
year	=1979,
}



@Article{goodman:ma197?,
  author = 	 {M. A. Goodman and S. C. Cowin},
  title = 	 {A Continuum Theory for Granular Materials},
  journal = 	 {Archive for Rational Mechanics and Analysis},
  year = 	 {197?},
  OPTkey = 	 {},
  volume = 	 {44},
  OPTnumber = 	 {},
  pages = 	 {249-266},
  OPTmonth = 	 {},
  OPTnote = 	 {},
  OPTannote = 	 {}
}



@PhdThesis{goudreau:gl1970,
  author = 	 {G. L. Goudreau},
  title = 	 {Evaluation of discrete methods for the 
linear dynamic response of elastic and viscoelastic solids},
  school = 	 {University of California},
  year = 	 {1970},
  OPTkey = 	 {},
  OPTtype = 	 {},
  address = 	 {Berkeley, CA},
  OPTmonth = 	 {},
  OPTnote = 	 {},
  OPTannote = 	 {}
}





@Article{goudreau:gl1972,
  author = 	 {G. L. Goudreau and R. L. Taylor},
  title = 	 {Evaluation of numerical integration methods 
in elastodynamics},
  journal = 	 CMAME,
  year = 	 {1972},
  OPTkey = 	 {},
  volume = 	 {2},
  OPTnumber = 	 {},
  pages = 	 {69-97},
  OPTmonth = 	 {},
  OPTnote = 	 {},
  OPTannote = 	 {}
}

@Book{han:wm1999,
  author = 	 {W.-M. Han and B. D. Reddy},
  ALTeditor = 	 {},
  title = 	 {Plasticity --- Mathematical theory and 
numerical analysis},
  publisher = 	 {Springer-Verlag},
  year = 	 {1999},
  OPTkey = 	 {},
  OPTvolume = 	 {},
  OPTnumber = 	 {},
  OPTseries = 	 {},
  address = 	 {New York},
  OPTedition = 	 {},
  OPTmonth = 	 {},
  OPTnote = 	 {},
  OPTannote = 	 {}
}

@article{heinbockel:jh1963,
author	={J. H. Heinbockel and R. A. Struble},
title	={Resonant Oscillation of an Extensible Pendulum},
journal={J. Appl. Math. Phys. (ZAMP)},
volume	=14,
pages	={262-269},
year	=1963,
}




@TechReport{hilber:hm1976,
  author = 	 {H. M. Hilber},
  title = 	 {Analysis and design of numerical 
integration methods in structural dynamics},
  institution =  {Earthquake Engineering Research Center},
  year = 	 {1976},
  OPTkey = 	 {},
  OPTtype = 	 {},
  number = 	 {EERC 76-29},
  address = 	 {University of California, Berkeley, California},
  month = 	 {November},
  OPTnote = 	 {},
  OPTannote = 	 {}
}


@Article{hilber:hm1977,
  author = 	 {H. M. Hilber and T. J. R. Hughes and R. L. Taylor},
  title = 	 {Improved numerical dissipation for time integration
algorithms in structural dynamics},
  journal = 	 {Earthquake engineering and structural dynamics},
  year = 	 {1977},
  OPTkey = 	 {},
  volume = 	 {5},
  OPTnumber = 	 {},
  pages = 	 {283-292},
  OPTmonth = 	 {},
  OPTnote = 	 {},
  OPTannote = 	 {}
}



@Article{hughes:tjr1976,
  author = 	 {T. J. R. Hughes and R. L. Taylor and 
J. Sackman and A. Curnier and W. Kanoknukulchai},
  title = 	 {A finite element methods for a class of 
contact-impact problems},
  journal = 	 {Comput. Meth. Appl. Mech. Engng.},
  year = 	 {1976},
  OPTkey = 	 {},
  volume = 	 {8},
  OPTnumber = 	 {},
  pages = 	 {249-276},
  OPTmonth = 	 {},
  OPTnote = 	 {},
  OPTannote = 	 {}
}

@book{lanczos:c1970,
author	={C. Lanczos},
title	= {The Variational Principles of Mechanics},
edition={4th},
publisher={University of Toronto Press},
address={Toronto, Canada},
year	=1970,
}






@Article{lew:a2002a,
  author = 	 {A. Lew and J. E. Marsden and M. Ortiz and M. West},
  title = 	 {Variational time integrators},
  journal = 	 IJNME,
  year = 	 {2002},
  OPTkey = 	 {},
  OPTvolume = 	 {???},
  OPTnumber = 	 {},
  OPTpages = 	 {???},
  OPTmonth = 	 {},
  OPTnote = 	 {},
  OPTannote = 	 {}
}





@Article{lew:a2002b,
  author = 	 {A. Lew and J. E. Marsden and M. Ortiz and M. West},
  title = 	 {Asynchronous variational integrators},
  journal = 	 ARMA,
  year = 	 {2002},
  OPTkey = 	 {},
  OPTvolume = 	 {???},
  OPTnumber = 	 {},
  OPTpages = 	 {???},
  OPTmonth = 	 {},
  OPTnote = 	 {},
  OPTannote = 	 {}
}

@Article{liao:cl1988,
  author = 	 {C.-L. Liao and H.-C. Wang},
  title = 	 {Spline approximations for direct
integration of structural dynamics},
  journal = 	 {Earthquake Engineering and Structural Dynamics},
  year = 	 {1988},
  OPTkey = 	 {},
  OPTvolume = 	 {},
  OPTnumber = 	 {},
  pages = 	 {813-826},
  OPTmonth = 	 {},
  OPTnote = 	 {},
  OPTannote = 	 {}
}



@Article{lu:j1997,
  author = 	 {J. Lu and P. Papadapoulos},
  title = 	 {On the direct determination 
of the rotation tensor from the deformation gradient},
  journal = 	 {Mathematics and Mechanics of Solids},
  year = 	 {1997},
  OPTkey = 	 {},
  volume = 	 {2},
  OPTnumber = 	 {},
  pages = 	 {17-26},
  OPTmonth = 	 {},
  OPTnote = 	 {},
  OPTannote = 	 {}
}



@article{lundberg:b1979,
author	={B. Lundberg},
title	={Dynamic Response of Elastic Bodies, A Simple Illustration},
journal={Journal of Elasticity},
volume	=9,
pages	={197-200},
year	=1979
}






@Article{lure:ai1968,
  author = 	 {A. I. Lure},
  title = 	 {Theory of elasticity for a semi-linear material},
  journal = 	 {J. Appl. Math. Mech.},
  year = 	 {1968},
  OPTkey = 	 {},
  volume = 	 {32},
  OPTnumber = 	 {},
  pages = 	 {1068-1085},
  OPTmonth = 	 {},
  OPTnote = 	 {},
  OPTannote = 	 {}
}




@TechReport{kane:c1999a,
  author = 	 {C. Kane and J. E. Marsden and M. Ortiz and M. West},
  title = 	 {Variational integrators and the {N}ewmark
Algorithm for conservative and dissipative mechanical systems},
  institution =  {},
  year = 	 {1999},
  OPTkey = 	 {},
  OPTtype = 	 {},
  OPTnumber = 	 {},
  address = 	 {California Institute of Technology},
  OPTmonth = 	 {},
  OPTnote = 	 {},
  OPTannote = 	 {}
}



@Article{kane:c2000,
  author = 	 {C. Kane and J. E. Marsden and M. Ortiz and M. West},
  title = 	 {Variational integrators and the {N}ewmark 
algorithm for conservative and dissipative mechanical systems},
  journal = 	 IJNME,
  year = 	 {2000},
  OPTkey = 	 {},
  volume = 	 {49},
  OPTnumber = 	 {},
  pages = 	 {1295-1325},
  OPTmonth = 	 {},
  OPTnote = 	 {},
  OPTannote = 	 {}
}




@TechReport{kane:c,
  author = 	 {C. Kane and E. A. Repetto and M. Ortiz and J. E. Marsden},
  title = 	 {Finite element analysis of nonsmooth contact},
  institution =  {Center for simulation of dynamic response of materials},
  year = 	 {??},
  OPTkey = 	 {},
  OPTtype = 	 {},
  number = 	 {013},
  address = 	 {California Institute of Technology},
  OPTmonth = 	 {},
  OPTnote = 	 {},
  OPTannote = 	 {}
}





@Article{katona:mg1985,
  author = 	 {M. G. Katona and O. C. Zienkiewicz},
  title = 	 {A unified set of single step algorithms},
  journal = 	 IJNME,
  year = 	 {1985},
  OPTkey = 	 {},
  volume = 	 {21},
  OPTnumber = 	 {},
  pages = 	 {1345-1359},
  OPTmonth = 	 {},
  OPTnote = 	 {},
  OPTannote = 	 {}
}

@Article{makris:n2001a,
  author = 	 {N. Makris and J. Zhang},
  title = 	 {Rocking response of Anchored Blocks 
under Pulse-Type Motions},
  journal = 	 {Journal of Engineering Mechanics},
  year = 	 {2001},
  OPTkey = 	 {},
  volume = 	 {127},
  OPTnumber = 	 {},
  pages = 	 {484-493},
  OPTmonth = 	 {},
  OPTnote = 	 {},
  OPTannote = 	 {}
}


@incollection{marsden:je1994,
author	={J. E. Marsden},
title	={Geometric mechanics, Stability and Control},
booktitle={Trends and Perspectives in Applied Mathematics},
editor	={L. Sirovich},
publisher={Springer-Verlag},
address={New York},
pages	={265-291},
year	={1994},
}






@book{mase:ge1970,
author	={G. E. Mase},
title	= {Theory and Problems of Continuum Mechanics},
edition={},
publisher={McGraw-Hill Book Company},
address={New York},
year	=1970,
}




@article{muncaster:rg1983a,
author	={R. G. Muncaster},
title	={Invariant Manifolds in Mechanics {I}: The General Construction
of Coarse Theories from Fine Theories},
journal={Arch. Rat. Mech. Anal.},
volume	=84,
pages	={353-373},
year	=1983,
}


@article{muncaster:rg1983b,
author	={R. G. Muncaster},
title	={Invariant Manifolds in Mechanics {II}: Zero-Dimensional
Elastic Bodies with Directors},
journal={Arch. Rat. Mech. Anal.},
volume	=84,
pages	={375-392},
year	=1983,
}





@Article{munjiza:a1995,
  author = 	 {A. Munjiza and D. R. J. Owen and N. Bi\'cani\'c},
  title = 	 {A combined finite-discrete element method
in transient dynamics of fracturing solids},
  journal = 	 {Engineering Computations},
  year = 	 {1995},
  OPTkey = 	 {},
  volume = 	 {12},
  OPTnumber = 	 {},
  pages = 	 {145-174},
  OPTmonth = 	 {},
  OPTnote = 	 {},
  OPTannote = 	 {}
}

@article{naghdi:pm19??,
author	={P. M. Naghdi and L Vongsarnpigoon},
title	={Small strain accompanied by moderate rotation},
journal={Arch. Rat. Mech. Anal.},
volume	=76,
pages	={263-294},
year	={19??},
}





@Book{newmark:nm1971,
  author = 	 {N. M. Newmark and E. Rosenblueth},
  ALTeditor = 	 {},
  title = 	 {Fundamentals of Earthquake Engineering},
  publisher = 	 {Prentice-Hall},
  year = 	 {1971},
  OPTkey = 	 {},
  OPTvolume = 	 {},
  OPTnumber = 	 {},
  OPTseries = 	 {},
  address = 	 {Englewood Cliffs, NJ},
  OPTedition = 	 {},
  OPTmonth = 	 {},
  OPTnote = 	 {},
  OPTannote = 	 {}
}

@Book{ogden:rw1984,
  author = 	 {R. W. Ogden},
  ALTeditor = 	 {},
  title = 	 {Non-linear elastic deformations},
  publisher = 	 {Ellis Horwood Limited},
  year = 	 {1984},
  OPTkey = 	 {},
  OPTvolume = 	 {},
  OPTnumber = 	 {},
  OPTseries = 	 {},
  address = 	 {Chichester UK},
  Optedition = 	 {},
  OPTmonth = 	 {},
  OPTnote = 	 {},
  OPTannote = 	 {}
}




@Article{ortiz:m1986,
  author = 	 {M. Ortiz},
  title = 	 {A note on energy conservation and 
stability of nonlinear time-stepping algorithms},
  journal = 	 {Computers and Structures},
  year = 	 {1986},
  OPTkey = 	 {},
  volume = 	 {24},
  OPTnumber = 	 {1},
  pages = 	 {167-168},
  OPTmonth = 	 {},
  OPTnote = 	 {},
  annote = 	 {Uses a forward euler predictor to illustrate the point.}
}



@Article{pandolfi:a2002,
  author = 	 {A. Pandolfi and C. Kane and J. E. Marsden and M. Ortiz},
  title = 	 {Time-discretized Variational Formulation of 
Nonsmooth Frictional Contact},
  journal = 	 IJNME,
  year = 	 {2002},
  OPTkey = 	 {},
  volume = 	 {53},
  OPTnumber = 	 {8},
  pages = 	 {1801-1829},
  OPTmonth = 	 {},
  OPTnote = 	 {},
  OPTannote = 	 {}
}



@Book{pfeiffer:f1996,
  author = 	 {F. Pfeiffer and C. Glocker},
  ALTeditor = 	 {},
  title = 	 {Multibody Dynamics with Unilateral Contacts},
  publisher = 	 {John Wiley \& Sons},
  year = 	 {1996},
  OPTkey = 	 {},
  OPTvolume = 	 {},
  OPTnumber = 	 {},
  OPTseries = 	 {},
  address = 	 {New York},
  OPTedition = 	 {},
  OPTmonth = 	 {},
  OPTnote = 	 {},
  OPTannote = 	 {}
}

@book{popov:ep1999,
author={E. P. Popov},
title={Engineering Mechanics of solids},
edition={2nd},
publisher={Prentice Hall},
adress={Upper Saddle River, NJ},
year=1999,
}





@Article{prandtl:l1920,
  author = 	 {L. Prandtl},
  title = 	 {{\"U}ber die {H}\"arte plastischer {K}\"orper},
  journal = 	 {Nachrichten der Kgl. Ges. der Wissenschaften},
  year = 	 {1920},
  OPTkey = 	 {},
  OPTvolume = 	 {},
  OPTnumber = 	 {},
  pages = 	 {75-85},
  OPTmonth = 	 {},
  OPTnote = 	 {},
  OPTannote = 	 {}
}

@Article{qi:l1993,
  author = 	 {L. Qi and J. Sun},
  title = 	 {A nonsmooth version of Newton's method},
  journal = 	 {Mathematical Programming},
  year = 	 {1993},
  OPTkey = 	 {},
  volume = 	 {58},
  OPTnumber = 	 {},
  pages = 	 {353-367},
  OPTmonth = 	 {},
  OPTnote = 	 {},
  OPTannote = 	 {}
}



@book{scheck:f1990,
author	={F. Scheck},
title	= {Mechanics from Newton's Laws to Deterministic Chaos},
edition={},
publisher={Springer-Verlag},
address={Berlin},
year	=1990,
}





@Book{shames:ih1992,
  author = 	 {I. H. Shames and F. A. Cozzarelli},
  ALTeditor = 	 {},
  title = 	 {Elastic and Inelastic Stress Analysis},
  publisher = 	 {Prentice Hall},
  year = 	 {1992},
  OPTkey = 	 {},
  OPTvolume = 	 {},
  OPTnumber = 	 {},
  OPTseries = 	 {},
  address = 	 {Englewood Cliffs, New Jersey},
  OPTedition = 	 {},
  OPTmonth = 	 {},
  OPTnote = 	 {},
  OPTannote = 	 {}
}

@Article{simo:jc1991a,
  author = 	 {J. C. Simo and K. K. Wong},
  title = 	 {Unconditionally stable algorithms for rigid
body dynamics that exactly preserve energy and momentum},
  journal = 	 IJNME,
  year = 	 {1991},
  OPTkey = 	 {},
  volume = 	 {31},
  OPTnumber = 	 {},
  pages = 	 {19-52},
  OPTmonth = 	 {},
  OPTnote = 	 {},
  OPTannote = 	 {}
}

@Article{simo:jc1992a,
  author = 	 {J. C. Simo and K. K. Wong},
  title = 	 {Addendum---{J. C. Simo and K. K. Wong}, 
Unconditionally stable algorithms for rigid
body dynamics that exactly preserve energy and momentum},
  journal = 	 IJNME,
  year = 	 {1993},
  OPTkey = 	 {},
  volume = 	 {33},
  OPTnumber = 	 {},
  pages = 	 {1321-1323},
  OPTmonth = 	 {},
  OPTnote = 	 {},
  OPTannote = 	 {}
}





@article{slawianowski:jj1974,
author	={J. J. Slawianowski},
title	={Analytical Mechanics of finite homogeneous strains},
journal={Archives of Mechanics},
volume	=26,
pages	={569-587},
year	=1974,
}

@article{slawianowski:jj1975,
author	={J. J. Slawianowski},
title	={Newtonian dynamics of homogeneous strains},
journal={Archives of Mechanics},
volume	=27,
pages	={93-102},
year	=1975,
}

@article{slawianowski:jj1982,
author	={J. J. Slawianowski},
title	={The Mechanics of the Homogeneously-Deformable Body.
Dynamic Models with High Symmetries},
journal={Zeit. Ang. Mat. Mech.},
volume	=62,
pages	={229-240},
year	=1982,
}


@Book{sneddon:in1969,
  author = 	 {I. N. Sneddon and M. Lowengrub},
  ALTeditor = 	 {},
  title = 	 {Crack problems in the 
classical theory of elasticity},
  publisher = 	 {John WIley \& Sons},
  year = 	 {1969},
  OPTkey = 	 {},
  OPTvolume = 	 {},
  OPTnumber = 	 {},
  OPTseries = 	 {},
  address = 	 {New York},
  OPTedition = 	 {},
  OPTmonth = 	 {},
  OPTnote = 	 {},
  OPTannote = 	 {}
}


@article{stewart:de2000a,
author	={D. E. Stewart},
title	={Rigid-Body Dynamics with Friction and Impact},
journal={SIAM Review},
volume	=42,
pages	={3-39},
year	=2000,
}



@InBook{stewart:de2000b,
  author =	 {D. E. Stewart},
  ALTeditor =	 {A. Grun},
  title = 	 {Impact and friction of Solids, Structures and 
Machines},
  chapter = 	 {Time-stepping methods and the mathematics of 
rigid body dynamics},
  publisher = 	 {Birkhauser},
  year = 	 {2000},
  OPTkey = 	 {},
  OPTvolume = 	 {},
  OPTnumber = 	 {},
  OPTseries = 	 {},
  OPTtype = 	 {},
  OPTaddress = 	 {},
  OPTedition = 	 {},
  OPTmonth = 	 {},
  OPTpages = 	 {},
  OPTnote = 	 {},
  annote =	 {I have a copy downloaded from Stewart's web page at 
Iowa.}
}

@article{stewart:de1998a,
author	={D. E. Stewart},
title	={Convergence of a Time-Stepping Scheme
for Rigid-Body Dynamics and Resolution of 
{P}ainlev{\'e}'s Problem},
journal={Arch. Rational Mech. Anal.},
volume	=145,
pages	={215-260},
year	=1998,
}


@article{stewart:de1997a,
author	={D. E. Stewart},
title	={Existence of solutions to rigid body dynamics
and the {P}ainlev{\'e} paradoxes},
journal={Mathematical Problems in Mechanics (C. R. Acad. Sci. Paris)},
volume	={325 S{\'e}rie I},
pages	={689-693},
year	=1997,
}


@article{stewart:de1996a,
author	={D. E. Stewart},
title	={A Numerical Method for Friction Problems with Multiple Contacts},
journal={J. Austral. Math. Soc.},
volume	={Ser. B, 37},
pages	={288-308},
year	=1996,
}



@Book{sussman:gj2001,
  author = 	 {G. J. Sussman and J. Wisdom},
  ALTeditor = 	 {},
  title = 	 {Structure and Interpretation of 
Classical Mechanics},
  publisher = 	 {The MIT Press},
  year = 	 {2001},
  OPTkey = 	 {},
  OPTvolume = 	 {},
  OPTnumber = 	 {},
  OPTseries = 	 {},
  address = 	 {Cambridge, MA 02142},
  OPTedition = 	 {},
  OPTmonth = 	 {},
  OPTnote = 	 {},
  OPTannote = 	 {}
}

@incollection{temam:r1994,
author	={R. Temam},
title	={Applications of Inertial Manifolds to Scientific Computing:
A New insight in Multilevel Methods},
booktitle={Trends and Perspectives in Applied Mathematics},
editor	={L. Sirovich},
publisher={Springer-Verlag},
address={New York},
pages	={294-336},
year	={1994},
}




@Book{truesdell:ca1984,
  author = 	 {C. A. Truesdell},
  ALTeditor = 	 {},
  title = 	 {An Idiot's Fugitive Essays on Science:
Methods, Criticism, Training, Circumstances},
  publisher = 	 {Springer-Verlag},
  year = 	 {1984},
  OPTkey = 	 {},
  OPTvolume = 	 {},
  OPTnumber = 	 {},
  OPTseries = 	 {},
  address = 	 {New York},
  OPTedition = 	 {},
  OPTmonth = 	 {},
  OPTnote = 	 {},
  OPTannote = 	 {}
}

@Article{wang:cc1968,
  author = 	 {C.-C. Wang},
  title = 	 {On the response functions of elastic materials},
  journal = 	 ARMA,
  year = 	 {1968},
  OPTkey = 	 {},
  volume = 	 {32},
  OPTnumber = 	 {},
  OPTpages = 	 {},
  OPTmonth = 	 {},
  OPTnote = 	 {},
  OPTannote = 	 {}
}



@Article{wang:cc1966,
  author = 	 {C.-C. Wang},
  title = 	 {On the stored energy function of hyperelastic materials},
  journal = 	 ARMA,
  year = 	 {1966},
  OPTkey = 	 {},
  volume = 	 {23},
  OPTnumber = 	 {},
  OPTpages = 	 {},
  OPTmonth = 	 {},
  OPTnote = 	 {},
  OPTannote = 	 {}
}



@Book{whittaker:et1937,
  author = 	 {E. T. Whittaker},
  title = 	 {Analytical Dynamics},
  publisher = 	 {Dover},
  year = 	 {1937},
  address = 	 {New York},
  edition = 	 {4th},
}


@Article{wren:jr1997,
  author = 	 {J. R. Wren and R. I. Borja},
  title = 	 {Micromechanics of granular media part {II}:
{O}verall tangential moduli and localization model for periodic 
assemblies of circular disks},
  journal = 	 {Computer methods in applied mechanics 
and engineering},
  year = 	 {1997},
  OPTkey = 	 {},
  volume = 	 {141},
  OPTnumber = 	 {},
  pages = 	 {221-246},
  OPTmonth = 	 {},
  OPTnote = 	 {},
  OPTannote = 	 {}
}



@Article{zhang:j2001,
  author = 	 {J. Zhang and N. Makris},
  title = 	 {Rocking Response of Free-Standing Blocks
under Cycloidal Pulses},
  journal = 	 {Journal of Engineering Mechanics},
  year = 	 {2001},
  OPTkey = 	 {},
  volume = 	 {127},
  OPTnumber = 	 {},
  pages = 	 {473-483},
  OPTmonth = 	 {},
  OPTnote = 	 {},
  OPTannote = 	 {}
}

