%  Modified Ring test  bibliography database

%% bibtexfile{
%% author	="David M. Doolin",
%% version 	="1.0",
%% year	="11 june 94",
%% filename	="mrt.bib",
%% address	="utk",
%% email	="doolin at cs.utk.edu"


@String{GSAB={Geological Society of America Bulletin}}
@String{IJRM={Int. J. Rock Mech. Min. Sci. \& Geomech. Abstr.}}
@String{JGR="Journal Of Geophysical Research"}
@String{IJMGE="International Journal Of Mining and Engineering"}
@String{BAEG="Bulletin of the Association of Engineering Geologists"}
@String{WRR="Water Resources Research"}
@String{GW="Ground Water"}
@String{JSG="Journal of Structural Geology"}


@book{anderson:tl91,
author ={T. L. Anderson},
title	= {Fracture Mechanics: Fundamentals and Applications}, 
publisher={CRC Press,},
address={Boca Raton, FL}, 
year={1991}, 
}

 
@incollection{atkinson:bk87,
author ={B. K. Atkinson},
title	={Introduction to Fracture Mechanics and its Geophysical Applications},
booktitle={Fracture Mechanics of Rock},
publisher={Academic Press, Inc.},
address={London}, 
year	={1987},
pages	={20}, 
}

@article{atkinson:bk84,
author	={B. K. Atkinson},
title	={Subcritical Crack Growth In Geological Materials},
journal=JGR,
volume	=89,
pages	={4077--4114},
year	=1984,
}

@article{barenblatt:gi62,
author	={G. I. Barenblatt},
title	={Mathematical Theory of Equilibrium Cracks in Brittle Fracture},
journal={Advances in Applied Mechanics},
volume ={7},
pages	={55--129},
year	=1962,
}


@article{bieniawski:zt67,
author	={Z. T. Bieniawski},
title	={Mechanism of Brittle Fracture of Rock---Part I, III},
journal =IJRM,
volume	=4,
pages	={395--430},
year	=1967,
}


@article{blake:w66,
author	={Blake, W.},
title	={Application of the Finite Element Method of Analysis in
solving Boundary Value Problems in Rock Mechanics},
journal=IJRM,
volume	=3,
pages	={169--180},
year	=1966,
}

@incollection{bruwhiler:e90,
author	={E. Br\"{u}whiler and V. E. Saouma},
title	={Fracture Testing of Rock by the Wedge
Splitting Test},
booktitle={Rock Mechanics Contributions and Challenges},
editor	={Hustrulid \& Johnson},
publisher={Balkema},
address={Rotterdam},
pages	={287--294},
year	=1990
}

@techreport{barker:lm77,
author = {L. M. Barker},
title = {Measurements Using Short Rod specimens---The Elastic Plastic Case},
institution ={Terra Tek},
type = {Report 77--91{R}},
address = {Salt Lake City, Utah},
year = {1977},
}

@techreport{bryson:jw91,
author ={J. W. Bryson},
title	={ORVIRT.PC (Version 2.0): A 2-D Finite-Element 
Fracture Analysis Program for a Microcomputer}, 
number	={NUREG/CR-4367, Rev. 1, ORNL-6208/R1},
institution={Oak Ridge National Laboratory},
address={Oak Ridge, Tennessee},
year=1986,
keyword={{FEM}, Macintosh, Fracture mechanics},
comment={Need the correct year for this reference},
}

@article{boone:tj86,
author	={Simulation of the Fracture Process in Rock with Application
to Hydrofracturing},
author	={T. J. Boone and P. A. Wawrzynek and A. R. Ingraffea},
journal={IJRM},
volume	=23,
pages	={255--265},
year	=1986,
}

@article{caruso:l85,
author ={L. Caruso and  G. Simmons and R. Wilkens},
title	={The Physical Properties of a Set of Sandstones---Part I. The Samples}, 
journal=IJRM,
volume	={22},
pages	={381-392}, 
year	={1985}, 
}

@article{cox:sjd88,
author	={S. J. D. Cox and C. H. Scholz},
title	={Rupture Initiation in Shear Fracture of Rocks:
An Experimental Study},
journal={JGR},
volume	=93,
pages	={3307-3320},
year	=1988,
}

@inproceedings{carpinteri:a84,
author ={A. Carpinteri},
title  ={Interpretation of the Griffith Instability as a Bifurcation
of the Global Equilibrium},
booktitle = {Application of Fracture Mechanics to Cementitious Composites},
organization = {NATO--ARW},
month  = {Sept},
editor = {S. P. Shah},
year = {1984},
pages = {287--292},
}
 
@book{cook:rd88,
author ={R. D. Cook and  D. S. Malkus and M. E. Plesha},
title	={Concepts and Applications of Finite Element Analysis}, 
publisher	={John Wiley \& Sons},
address	={New York},
pages	={188}, 
year	={1988}, 
}
 
@article{dyskin:av93,
author ={A. V. Dyskin and L. N. Germanovich},
title	={A Model of Crack Growth in Microcracked Rock}, 
journal=IJRM,
volume	={30},
pages	={813-820}, 
year	={1993}, 
}

@article{fairhurst:c64,
author	={C. Fairhurst},
title	={On the Validity of the `Brazilian' Test for 
Brittle Materials},
journal=IJRM,
pages	={535--546},
volume	=1,
year	=1964,
}

@article{fischer:mp96,
author	={M. P. Fischer and D. Elsworth and R. B. Alley and T. Engelder},
title	={Finite Element Analysis of the Modified Ring Test for 
Determining Mode I Fracture Toughness},
journal=IJRM,
volume	=33,
pages	={1-15},
year	=1996,
}

@article{fowell:rj93,
author	={R. J. Fowell and C. Xu},
title	={The Cracked Chevron Notched Brazilian Disk Test--Geometrical 
Considerations for Practical Rock Fracture Toughness Measurement},
journal=IJRM,
volume	={30},
pages	={821--824},
year	={1993},
}

@article{fowell:rj95,
author	={R. J. Fowell},
title	={Suggested Method for Determining Mode I Fracture Toughness
Using Cracked Chevron Notched Brazilian Disc (CCNBD) Specimens},
journal={IJRM},
volume	=32,
pages	={57--64},
year	=1995,
}

@book{gordon:je78,
author	={J. E. Gordon},
title	={Structures, or why things don't fall down},
publisher={Penguin Books, Ltd},
address={Middlesex},
year	=1978,
comment={This is a very lucid, easy to read exposition of basic
material science presented in essientially lay terms.},
}

@article{griffith:aa20,
author	={A. A. Griffith},
title	={The Phenomenum of Rupture and Flow in Solids},
journal={Philosophical Transactions of the Royal Society},
volume	={221A},
pages	={163--198},
year	={1921},
comment={Resolve year with citekey;  get a copy of this from
the library},
}

@article{gunsallus:kl84,
author	={K. L. Gunsallus and F. H. Kulhawy},
title	={A Comparative Evaluation of Rock Strength Measures},
journal	=IJRM,
volume	=21,
year	=1984,
pages	={233--248},
}

@article{hobbs:dw67,
author	={D. W. Hobbs},
title	={Rock Tensile Strength and its Relationship to a 
Number of Alternative Measures of Rock Strength},
journal=IJRM,
volume =4,
pages	={115--127},
year	=1967,
}

@inproceedings{ingraffea:ar84,
author	={A. R. Ingraffea and W. H. Gerstle},
title	={Non--Linear Fracture Models for Discrete Crack Propagation},
booktitle ={Application of Fracture Mechanics to Cementitious Composites},
editor	={S. P. Shah},
organization={NATO--ARW},
publisher={Martinus Nijhoff Publishers},
address={Dordrecht},
pages	={247--285},
year	=1984,
}

@inproceedings{ingraffea:ar77,
author ={A. R. Ingraffea and F. E. Heuze and {H-Y}. Ko and K. Gerstle},
title  ={An Analysis of Discrete Fracture Propagation in Rock 
Loaded in Compression},
booktitle = {Energy, Resources and Excavation Technology},
organization = {18th U. S. Symposium on Rock Mechanics},
editor = {F-D. Weng and G. B. Clark},
year = {1977},
pages = {2A4-1 -- 2A4-7},
}


@article{irwin:gr57,
author	={G. R. Irwin},
title	={Analysis of Stresses and Strains Near the End of a Crack Traversing a Plate},
journal	={J. of App. Mech.},
volume	={34},
pages	={361--364},
year	={1957},
}

@book{jaeger:jc69,
author	={J. C. Jaeger and N. Cook},
title	={Fundamentals of Rock Mechanics},
publisher={Methuen \& Co., Ltd.},
address={London},
pages	={158--160},
year	=1969,
}

@article{jaeger:jc1966a,
author	={J. C. Jaeger and E. R. Hoskins},
title	={Rock Failure under the Confined Brazilian Test},
journal={Journal of Geophysical Research},
volume	=71,
pages	={2651-2659},
year	=1966,
}

@article{jaeger:jc1966b,
author	={J. C. Jaeger and E. R. Hoskins},
title	={Stresses and Failures in Rings of Rock Loaded in 
Diametral Tension or Compression},
journal={Brit. J. Appl. Phys.},
volume	=17,
pages	={685-692},
year	=1966,
}

@book{jumikis:ar83,
author ={A. R. Jumikis},
title	={Rock Mechanics}, 
edition={2d.},
publisher={Trans Tech Publishers},
address={Houston},
pages	={200-207}, 
year	={1983}, 
}
 

@book{kahaner:d89,
author ={D. Kahaner and  C. Moler and S. Nash},
title	={Numerical Methods and Software}, 
publisher={Prentice Hall},
address={Englewood Cliffs, NJ}, 
year	={1989}, 
}

 
@article{labuz:jf87,
author ={J. F. Labuz and S. P. Shah and C. H. Dowding},
title	={The Fracture Process Zone in Granite: Evidence and Effect}, 
journal=IJRM,
volume	={24},
pages	={235-246}, 
year	={1987}, 
}
 

@unpublished{lemiszki:pj94,
author	={P. J. Lemiszki},
title	={personal communication},
note	={Test data from Modified Ring test of Copper Ridge Dolomite.},
year	=1994,
}


@article{maji:ak92,
author ={A. K. Maji and J. L. Wang},
title	={Experimental Study of Fracture Processes in Rock}, 
journal={Rock Mech. and Rock Eng.},
volume	={11234}, 
page	={25-47}, 
year	={1992}, 
}
 
@article{mellor:m71,
author	={M. Mellor and I. Hawkes},
title	={Measurement of Tensile Strength by Diametral 
Compression of Disks and Annuli},
journal={Engineering Geology},
volume	=5,
pages	={173--225},
year	=1971,
}

@article{olson:je93,
author ={J. E. Olson},
title	={Joint Pattern Development: Effects of 
Subcritical Crack Growth and Mechanical Interaction}, 
journal=JGR, 
volume	={98},
pages	={12,251--12,265}, 
year	={1993}, 
}

@article{ouchterlony:f88,
author	={F. Ouchterlony},
title	={Suggested Methods for Determining the Fracture 
Toughness of Rock},
journal=IJRM,
volume	=25,
year	=1988,
pages	={73--96},
}

@article{panek:la92,
author	={L. A. Panek and T. A. Fannon},
title	={Size and Shape effects of Point Load Tests of
Irregular Rock Fragments},
journal={Rock Mechanics and Rock Engineering},
volume	=25,
pages	={109--140},
year	=1992,
}

 
@book{paterson:ms78,
author ={M. S. Paterson},
title	={Experimental Rock Deformation: The Brittle Field}, 
publisher={Springer--Verlag},
address={New York}, 
year	={1988}, 
}

@article{peck:l85a,
author	={L. Peck and C. C. Barton and R. G. Gordon},
title	={Microstructure and the Resistance of Rock to Tensile 
Fracture},
journal=JGR,
volume	=90,
pages	={11,533--11,456},
year	=1985,
}

@article{peck:l85b,
author	={L. Peck and R. C. Nolen--Hoeksema and C. C. Barton
and R. B. Gordon},
title	={Measurement of the Resistance of Imperfectly Elastic Rock
to the Propagation of Tensile Cracks},
journal=JGR,
volume ={90},
pages	={7827--7836},
year	=1985,
}

@article{pollard:dd88,
author	={D. D. Pollard and A. Aydin},
title	={Progress in Understanding Jointing Over the Past 
Century},
journal=GSAB,
volume	=100,
pages	={1181--1204},
year	=1988,
}
 

@article{rice:jr68,
author ={J. R. Rice},
title	={A Path Independent Integral and the Approximate Analysis 
of Strain Concentration by Notches and Cracks}, 
journal={J. of App. Mech.}, 
volume	={35}, 
pages	={379--386},
year	={1968}, 
}
 

@article{schmidt:ra76,
author	={R. A. Schmidt},
title	={Fracture--toughness Testing of Limestone},
journal={Experimental Mechanics},
volume	=16,
pages	={161--167},
year	=1976,
}

@inproceedings{schmidt:ra77,
author ={R. A. Schmidt},
title  ={Fracture Mechanics of Oil Shale---Unconfined
Fracture Toughness, Stress Corrosion Cracking,
and Tension Test Results},
booktitle = {Energy, Resources and Excavation Technology},
organization = {18th U. S. Symposium on Rock Mechanics},
editor = {F-D. Weng and G. B. Clark},
year = {1977},
pages = {2A2-1 -- 2A2-6},
}

@article{segall:p84,
author ={P. Segall},
title	={Formation and Growth of Extensional Fracture Sets}, 
journal=GSAB,
volume	=95, 
year	={1984},
pages	={454-462}, 
}
 

@inproceedings{steffler:ea92,
author ={E. A. Steffler and G. B. May and J. S. Epstein},
title	={Energy Dissipation Processes Affecting Crack 
Growth in Quasi Brittle Materials}, 
booktitle={Proceedings of the 33rd U.S. Symposium on Rock Mechanics},
editor	={Tillerson, J. R. and Wawersik, W. R.},
pages	={837--846},
year	={1992}, 
}
 
@article{swanson:pl84,
author	={P. L. Swanson},
title	={Subcritical Crack Growth and Other Time--and
Environment--Dependent Behavior in Crustal Rocks},
journal=JGR,
volume	=89,
pages	={4137--4152},
year	=1984,
}

@inproceedings{swanson:pl1984,
author ={P. L. Swanson and H. Spetzler},
title  ={Ultrasonic probing of the fracture process zone
in rock using surface waves},
booktitle = {Rock Mechanics in Productivity and Protection},
organization = {Proceedings of the 25th Symposium on Rock Mechanics},
month  = {June},
editor = {C. H> dowding and M. M. Singh},
year = {1984},
pages = {67-76},
}



@inproceedings{tharp:tm85,
author ={T. M. Tharp and D. Todd Coffin},
title  ={Field Application of Fracture Mechanics
to Small Rock Slopes},
booktitle = {Research and Engineering Applications 
in Rock Masses},
organization = {26th U. S. Symposium on Rock Mechanics},
month  = {June},
editor = {E. Ashworth},
year = {1985},
pages = {667--674},
}

@article{tharp:tm1987,
author	={T. M. Tharp},
title	={A Finite Element Method for Edge-Cracked 
Beam Columns},
journal={International Journal for Numerical Methods 
in Engineering},
volume	=24,
pages	={1941-1950},
year	=1987,
}

@inproceedings{tharp:tm1994a,
author ={T. M. Tharp},
title  ={Analysis of Mine Roof Failure with cracked 
beam-column finite element},
booktitle = {Computer Methods in Geomechanics},
organization = {},
month  = {},
editor = {Siriwardane and Zaman},
year = {1994},
pages = {1907-1912},
}



@inproceedings{tharp:tm1994b,
author	={T. M. Tharp and T. J. Holdrege},
title	={Fracture Mechanics Analysis of Limestone Cantilevers
Subjected to Very Long Term Tensile Stress in Natural Caves},
booktitle = {Proceedings of the 1st North American Rock
Mechanics Symposium},
month  = {June},
editor = {P. P. Nelson and S. E. Laubach},
year = {1994},
pages = {817--824},
comment={Buckner's and Salamander hit the big time},
}

@inproceedings{thiercelin:m86,
author ={M. Thiercelin and J--C. Roegiers},
title	={Toughness Determination with the Modified Ring Test}, 
booktitle={Proceedings of 27th U.S. Symposium on Rock Mechanics}, 
year={1986},
pages={615--622}, 
}
 

@inproceedings{thiercelin:m87,
author ={M. Thiercelin},
title	={Fracture Toughness Testing Under Confining Pressure using
the Modified Ring Test}, 
booktitle={Proceedings of 28th U.S. Symposium on Rock Mechanics}, 
year=1987,
pages	={149--156}, 
}
 

@article{thiercelin:m89,
author ={M. Thiercelin },
title	={Fracture Toughness and Hydraulic Fracturing}, 
journal=IJRM,
volume = {26},
pages = {177--183},
year=1989,
}

@article{zhao:y93,
author	={Y. Zhao and J. Huang and R. Wang},
title	={Real Time SEM Observations of the Microfracturing
Process in Rock During a Compression Test},
journal=IJRM,
pages	={643--652},
volume =30,
year=1993,
}


@book{whittaker:bn92,
author	={B. N. Whittaker and  R. N. Singh and G. Sun},
title	={Rock Fracture Mechanics: Principles, Design and Applications}, 
publisher={Elsevier}, 
address={Amsterdam}, 
pages	={511--521},
year=1992,
}

@manual{utp,
title	={UTP--III: Universal Test Program},
organization	={Interlaken Technologies, Inc},
address={Minneapolis},
year	=1992,
}

@book{kobayashi:as73,
author	={A. S. Kobayashi},
title	={Experimental Techniques in Fracture Mechanics},
publisher={Iowa State University Press and Society for Experimental
Stress Analysis},
address={Ames, Iowa and Westport, Connecticut},
year	={1973},
}

\end{document} 
