

@String{CMAME={Comput. Methods Appl. Mech. Engrg.}}
@String{ZAMP={Z angew Math Phys}}









@Article{armero:f1998,
  author = 	 {F. Armero and Eva Pet\''ocz},
  title = 	 {Formulation and analysis of conserving 
algorithms for frictionless dynamic contact/impact problems},
  journal = 	 CMAME,
  year = 	 {1998},
  OPTkey = 	 {},
  volume = 	 {158},
  OPTnumber = 	 {},
  pages = 	 {269-300},
  OPTmonth = 	 {},
  OPTnote = 	 {},
  OPTannote = 	 {}
}





@TechReport{armero:f1999,
  author = 	 {F. Armero and I. Romero},
  title = 	 {On the formulation of high-frequency 
dissipative time-stepping algorithms for nonlinear 
dynamics},
  institution =  {University of California},
  year = 	 {1999},
  OPTkey = 	 {},
  OPTtype = 	 {},
  number = 	 {{UCB/SEMM}-1999-06},
  address = 	 {Berkeley, CA},
  month = 	 {July},
  OPTnote = 	 {},
  OPTannote = 	 {}
}





@Article{chang:sy2000,
  author = 	 {S.-Y. Chang},
  title = 	 {The $\gamma$-Function Pseudodynamic Algorithm},
  journal = 	 {Journal of Earthquake Engineering},
  year = 	 {2000},
  OPTkey = 	 {},
  volume = 	 {4},
  OPTnumber = 	 {3},
  pages = 	 {303-320},
  OPTmonth = 	 {},
  OPTnote = 	 {},
  OPTannote = 	 {}
}

@InProceedings{czekanski:a2001,
  author = 	 {A. Czekanski and S. A. Meguid},
  title = 	 {Time integration for dynamic contact 
problems: generalized-$\alpha$ scheme},
  booktitle = 	 {Proceedings First {MIT} Conference 
on Computational Fluid and Solid Mechanics},
  OPTcrossref =  {},
  OPTkey = 	 {},
  pages = 	 {128-131},
  year = 	 {2001},
  editor = 	 {K. J. Bathe},
  OPTvolume = 	 {},
  OPTnumber = 	 {},
  OPTseries = 	 {},
  address = 	 {New York},
  OPTmonth = 	 {},
  OPTorganization = {},
  publisher = {Elsevier},
  OPTnote = 	 {},
  OPTannote = 	 {}
}

@Article{gonzalez:o1996,
  author = 	 {O. Gonzalez and J. Simo},
  title = 	 {On the stability of symplectic and 
energy-momentum algorithms for non-linear {H}amiltonian
systems with symmetry},
  journal = 	 CMAME,
  year = 	 {1996},
  OPTkey = 	 {},
  volume = 	 {134},
  OPTnumber = 	 {},
  pages = 	 {197-222},
  OPTmonth = 	 {},
  OPTnote = 	 {},
  OPTannote = 	 {}
}






@InProceedings{heege:a2000,
  author = 	 {A. Heege},
  title = 	 {Implicit time integration of impacts
between deformable bodies undergoing finite deformations},
  booktitle = 	 {{ECCOMAS 2000} European Congress on Computational 
Methods in Applied Science and Engineering},
  OPTcrossref =  {},
  OPTkey = 	 {},
  OPTpages = 	 {},
  year = 	 {2000},
  OPTeditor = 	 {},
  OPTvolume = 	 {},
  OPTnumber = 	 {},
  OPTseries = 	 {},
  address = 	 {Barcelona},
  month = 	 {September 12-14},
  OPTorganization = {},
  OPTpublisher = {},
  OPTnote = 	 {},
  OPTannote = 	 {}
}



@Article{qi:l1993,
  author = 	 {L. Qi},
  title = 	 {A nonsmooth version of Newton's method},
  journal = 	 {Mathematical Programming},
  year = 	 {1993},
  OPTkey = 	 {},
  volume = 	 {58},
  OPTnumber = 	 {},
  pages = 	 {353-367},
  OPTmonth = 	 {},
  OPTnote = 	 {},
  OPTannote = 	 {}
}



@Article{simo:j1992a,
  author = 	 {J. Simo and N. Tarnow},
  title = 	 {The discrete energy-momentum method.
{C}onserving algorithms for non-linear elastodynamics},
  journal = 	 ZAMP,
  year = 	 {1992},
  OPTkey = 	 {},
  volume = 	 {43},
  OPTnumber = 	 {},
  pages = 	 {757-792},
  OPTmonth = 	 {},
  OPTnote = 	 {},
  OPTannote = 	 {}
}


@Article{simo:j1992b,
  author = 	 {J. Simo and N. Tarnow and K.K. Wong},
  title = 	 {Exact energy-momentum conserving algorithms
and symplectic schemes for nonlinear dynamics},
  journal = 	 CMAME,
  year = 	 {1992},
  OPTkey = 	 {},
  OPTvolume = 	 {100},
  OPTnumber = 	 {},
  pages = 	 {63-116},
  OPTmonth = 	 {},
  OPTnote = 	 {},
  OPTannote = 	 {}
}

