

@Article{brogi:g:5_734_335,
  author = 	{G. Brogi and  L. Pietranera and F. Frau},
  title = 	{Forest surveillance and monitoring system 
                 for the early detection and reporting of forest fires}, 
  journal = 	{Patent \#5,734,335},
  year = 	{1998},
  month =	 {March 31},
  note = 	"\#5,734,335",
}



@InCollection{trajtenberg:m2002a,
  author = 	 {M. Trajtenberg and R. Henderson 
and A. B. Jaffe},
  title = 	 {University versus Corporate Patents: A 
Window on the Basicness of Invention},
  booktitle = 	 {Patents, Citations and Innovations A Window on 
the knowledge economy},
  OPTcrossref =  {},
  OPTkey = 	 {},
  pages = 	 {51-88},
  publisher = {The MIT Press},
  year = 	 {2002},
  editor = 	 {A. B. Jaffe and M. Trajtenberg},
  OPTvolume = 	 {},
  OPTnumber = 	 {},
  OPTseries = 	 {},
  OPTtype = 	 {},
  chapter = 	 {3},
  address = 	 {Cambridge, MA},
  OPTedition = 	 {},
  OPTmonth = 	 {},
  note = 	 {T 211 J34 2002},
  OPTannote = 	 {}
}

