%  DDA bibliography database

%% bibtexfile{
%% author	="David M. Doolin",
%% version 	="1.0",
%% year	="97",
%% filename	="contact.bib",
%% address	="utk",
%% email	="doolin at cs.utk.edu" }
%% $Author: doolin $
%% $Source: /home/users/doolin/cvsroot/tex/bibs/prb.bib,v $
%% $Date: 2003/11/12 14:57:25 $
%% $Revision: 1.7 $



@String{GSAB={Geological Society of America Bulletin}}
@String{IJRM={Int. J. Rock Mech. Min. Sci. \& Geomech. Abstr.}}
@String{JGR="Journal Of Geophysical Research"}
@String{IJMGE="International Journal Of Mining and Engineering"}
@String{BAEG="Bulletin of the Association of Engineering Geologists"}
@String{WRR="Water Resources Research"}
@String{GW="Ground Water"}
@String{JSG="Journal of Structural Geology"}
@String{MMS="Mathematics and Mechanics of Solids"}
@String{IJES="International Journal of Engineering Science"}


@Article{kanso:e2004:IJNMa,
  author = 	 {E. Kanso and P. Papadopoulos},
  title = 	 {Dynamics of Pseudo-rigid Ball Impact on Rigid Foundation},
  journal = 	 {Int. J. Nonl. Mech.},
  year = 	 {2004},
  OPTkey = 	 {},
  volume = 	 {39},
  OPTnumber = 	 {},
  pages = 	 {299-309},
  OPTmonth = 	 {},
  OPTnote = 	 {},
  OPTannote = 	 {}
}


@Article{kanso:e2004:IJNMb,
  author = 	 {E. Kanso and P. Papadopoulos},
  title = 	 {Pseudo-rigid Ball Impact on an Oscillating Rigid Foundation},
  journal = 	 {Int. J. Nonl. Mech.},
  year = 	 {2004},
  OPTkey = 	 {},
  volume = 	 {(In press)},
  OPTnumber = 	 {},
  pages = 	 {},
  OPTmonth = 	 {},
  OPTnote = 	 {},
  OPTannote = 	 {}
}



@article{cohen:h1981,
author	={H. Cohen},
title	={Pseudo-rigid bodies},
journal={Utilitas Mathematica},
volume	=1981,
pages	={221-247},
year	=1981,
}


@book{cohen:h1988,
author	={H. Cohen and R. G. Muncaster},
title	= {The Theory Pseudo-rigid Bodies},
edition={},
publisher={Springer-Verlag},
address={New York},
year	=1988,
}


@article{cohen:h1988a,
author	={H. Cohen and Q.-X. Sun},
title	={Plane Motions of Elastic Pseudo-Rigid Pendulums},
journal={SM Archives},
volume	=13,
pages	={147-176},
year	=1988,
}

@article{cohen:h1989,
author	={H. Cohen and G.P. MacSithigh},
title	={Plane motions of elastic pseudo-rigid bodies},
journal={Journal of Elasticity},
volume	=21,
pages	={193-226},
year	=1989,
}

@article{cohen:h1991,
author	={H. Cohen and Q.-X. Sun},
title	={Snapping of an elastic pseudo-rigid body},
journal={Int. J. Solids Structures},
volume	=28,
pages	={807-818},
year	=1991,
}

@article{cohen:h1994,
title	={Impulsive Motions of elastic pseudo-rigid 
bodies II: further results and examples},
author	={H. Cohen and G.P. MacSithigh},
journal={Journal of Elasticity},
volume	=34,
pages	={149-166},
year	=1994,
}



@Article{papadopoulos:p2001:MMS,
  author = 	 {P. Papadopoulos},
  title = 	 {On a Class of Higher-order Pseudo-Rigid Bodies},
  journal = 	 MMS,
  year = 	 {2001},
  OPTkey = 	 {},
  volume = 	 {6},
  OPTnumber = 	 {},
  pages = 	 {631-640},
  OPTmonth = 	 {},
  OPTnote = 	 {},
  OPTannote = 	 {}
}






@Article{solberg:jm2001:IJES,
  author = 	 {J. M. Solberg and P. Papadopoulos},
  title = 	 {Impact of an elastic pseudo-rigid 
body on a rigid foundation},
  journal = 	 IJES,
  year = 	 {2001},
  OPTkey = 	 {},
  volume = 	 {38},
  OPTnumber = 	 {},
  pages = 	 {589-603},
  OPTmonth = 	 {},
  OPTnote = 	 {},
  OPTannote = 	 {}
}

@article{solberg:jm1999,
author	={J. M. Solberg and P. Papadapoulos},
title	={A Simple Finite Element-Based Framework for the 
Analysis of Elastic Pseudo-Rigid Bodies},
journal={International Journal of Numerical Methods in
Engineering},
volume	=45,
pages	={1297-1314},
year	=1999,
}



