%  DDA bibliography database

%% bibtexfile{
%% author	="David M. Doolin",
%% version 	="1.0",
%% year	="97",
%% filename	="contact.bib",
%% address	="utk",
%% email	="doolin at cs.utk.edu" }
%% $Author: doolin $
%% $Source: /home/users/doolin/cvsroot/tex/bibs/rmprop.bib,v $
%% $Date: 2002/10/28 18:03:02 $
%% $Revision: 1.5 $



@String{GSAB={Geological Society of America Bulletin}}
@String{IJRM={Int. J. Rock Mech. Min. Sci. \& Geomech. Abstr.}}
@String{JGR="Journal Of Geophysical Research"}
@String{IJMGE="International Journal Of Mining and Engineering"}
@String{BAEG="Bulletin of the Association of Engineering Geologists"}
@String{WRR="Water Resources Research"}
@String{GW="Ground Water"}
@String{JSG="Journal of Structural Geology"}


@article{glaser:sg2000,
author	={S. G. Glaser and D. M. Doolin},
title	={New {D}irections in {R}ock {M}echanics---{A} forum sponsored 
by the {A}merican {R}ock {M}echanics {A}ssociation},
journal=IJRM,
volume	=37,
pages	={683-698},
year	=2000,
}



@techreport{rmresearch:1966,
author = {{U. S. Committee on Rock Mechanics}},
title = {Rock-{M}echanics --- A survey of {U}nited {S}tates
research to 1965, with a partial survey of {C}anadian
{U}niversities},
institution ={National Academy of Sciences---National Research Council},
type = {Publication 1466},
address = {Washington, D.C.},
year =1966,
}
 
@techreport{rmresearch:1981,
author = {{U. S. National Committee on Rock Mechanics}},
title = {Rock-Mechanics Research Requirements for Resource Recovery,
Construction, and Earthquake-Hazard Reduction},
institution ={National Academy of Sciences---National Research Council},
type = {Report No. NRC$/$AMPS$/$Rm-81-1},
address = {Washington, D.C.},
year =1981,
}
 
