%  General Rock mechanics bibliography database

%% bibtexfile{
%% author	=David M. Doolin
%% version 	="1.0"
%% year		="18 feb 95"
%% filename	="hydro.bib"
%% address	="utk"
%% email	="doolin at cs.utk.edu"



@String{GSAB={Geological Society of America Bulletin}}
@String{IJRM={Int. J. Rock Mech. Min. Sci. \& Geomech. Abstr.}}
@String{JGR="Journal Of Geophysical Research"}
@String{IJMGE="International Journal Of Mining and Engineering"}
@String{BAEG="Bulletin of the Association of Engineering Geologists"}
@String{WRR="Water Resources Research"}
@String{GW="Ground Water"}
@String{JSG="Journal of Structural Geology"}


@inproceedings{alvarez:ta95,
author ={T. A. Alvarez and E. J. Cording and R. A. Mikhail},
title  ={Hydromechanical Behavior of rock joints: A re-interpretation
of published experiments},
booktitle = {Rock Mechanics},
organization = {??},
month  = {??},
editor = {Daemon and Schultz},
year = {1995},
pages = {665-671},
}


@book{amadei:b,
author	={B. Amadei and S. Else},
title	= {In situ stress???},
edition={},
publisher={??},
address={},
year	={19??},
}




@MastersThesis{arwood:s1996,
  author = 	 {S. Arwood},
  title = 	 {An energy method for rock slope 
stability analysis},
  school = 	 {University of Tennessee},
  year = 	 {1996},
  OPTkey = 	 {},
  OPTtype = 	 {},
  address = 	 {Knoxville, Tennessee},
  OPTmonth = 	 {},
  OPTnote = 	 {},
  annote = 	 {Not in collection, reference from mauldon:m1998}
}




@Article{aydan:o1989,
  author = 	 {O. Aydan and Y. Shimizu and Y. Ichikawa},
  title = 	 {The effective 
failure modes and stability of slopes in rock mass with two 
discontinuity sets},
  journal = 	 {Rock Mechanics and Rock Engineering},
  year = 	 {1989},
  OPTkey = 	 {},
  OPTvolume = 	 {22},
  OPTnumber = 	 {},
  pages = 	 {163-188},
  OPTmonth = 	 {},
  OPTnote = 	 {},
  OPTannote = 	 {}
}

@article{belytschko:t1984,
author	={T. Belytschko and M. Plesha and C. H. Dowding},
title	={A Computer Method for Stability Analysis of Caverns
in Jointed Rock},
journal={International Journal for Numerical and Analytical Methods
in Geomechanics},
volume	=8,
pages	={473-492},
year	=1984,
}



@article{bobet:a1999,
author	={A. Bobet},
title	={Analytical solutions for toppling failure},
journal=IJRM,
volume	=36,
pages	={971-980},
year	=1999,
}



@article{bray:jw81,
author	={J. W. Bray and R. E. Goodman},
title	={The Theory of Base Friction Models.},
journal={IJRM},
volume	=18,
pages	={453-468},
year	=1981,
comment={None necessary; the definitive reference.},
}

@inproceedings{blair:sc92,
author ={S. C. Blair and N. G. W. Cook},
title  ={Statistical Model for rock fracture},
booktitle = {Rock Mechanics},
organization = {??},
month  = {??},
editor = {Tillerson and Wawersik},
year = {1992},
pages = {729-735},
}


@article{chen:h??,
author	={H. Chen and A. C. Waltham and D. Johnson},
title	={Application of the Taguchi Methodology in the 
Geotechnical Assessment of Sandstone Caves in 
Notingham.},
journal={preprint},
volume	={},
pages	={},
year	={},
}

@article{chowdhury:rn86,
author	={R. N. Chowdhury},
title	={Geomechanics Risk Model for Multiple Failures
Along Rock Discontinuities},
journal=IJRM,
volume	=23,
pages	={337--346},
year	=1986,
}





@Article{chowdhury:r1978,
  author = 	 {R. Chowdhury},
  title = 	 {Analysis of the {V}ajont Slide --- New Approach},
  journal = 	 {Journal of the International Society of 
Rock Mechanics},
  year = 	 {1978},
  OPTkey = 	 {},
  volume = 	 {11},
  OPTnumber = 	 {},
  pages = 	 {29-38},
  OPTmonth = 	 {},
  OPTnote = 	 {},
  OPTannote = 	 {}
}

@article{cook:ngw1992,
author	={N. G. W. Cook},
title	={Natural Joints in Rock: Mechanical, Hydraulic and
Seismic behavior and Properties under Normal Stress
(Jaeger Memorial Dedication Lecture)},
journal={IJRM},
volume	=29,
pages	={198-223},
year	=1992,
}

@InProceedings{cundall:pa1977,
  author = 	 {P. A. Cundall and C. Fairhurst and M. Voegele},
  title = 	 {Computerized design of rock slopes 
using interactive graphics for the input and 
output of geometrical data},
  booktitle = 	 {Proceedings, 16th U.S. 
Symposium on Rock Mechanics, New York},
  OPTcrossref =  {},
  OPTkey = 	 {},
  pages = 	 {5-14},
  year = 	 {1977},
  OPTeditor = 	 {},
  OPTvolume = 	 {},
  OPTnumber = 	 {},
  OPTseries = 	 {},
  OPTaddress = 	 {},
  OPTmonth = 	 {},
  OPTorganization = {},
  publisher = {ASCE},
  OPTnote = 	 {},
  OPTannote = 	 {}
}





@TechReport{duncan:jm1968,
  author = 	 {J. M. Duncan and R. E. Goodman},
  title = 	 {Finite element analysis of slope in
jointed rock},
  institution =  {U.S. Army Corps of Engineers},
  year = 	 {1968},
  OPTkey = 	 {},
  type = 	 {Contract Report No. S-68-3},
  OPTnumber = 	 {},
  OPTaddress = 	 {},
  OPTmonth = 	 {},
  OPTnote = 	 {},
  OPTannote = 	 {}
}

@inproceedings{dyke:c92,
author ={C. Dyke},
title  ={How Sensitive is Natural Fracture Permeability at Depth
to Variation in Effective Stress?},
booktitle = {Fractured and Jointed Rock Masses},
organization = {LBL},
editor = {???},
year = {1992},
pages = {88--95},
}


@inproceedings{einstein:hh92,
author ={H. H. Einstein and Jun Suk Lee},
title  ={Topological Slope Stability Analysis using Stochastic
Fracture Geometry Model},
booktitle = {Fractured and Jointed Rock Masses},
organization = {LBL},
editor = {???},
year = {1992},
pages = {96--106},
}

@article{elsworth:d86,
author	={D. Elsworth and R. E. Goodman},
title	={Characterization of Rock Fissure Hydraulic Conductivity
Using Idealized Wall Roughness Profiles},
journal={IJRM},
volume	=23,
pages	={233--243},
year	=1986,
}

@phdthesis{elsworth:d84,
author= {D. Elsworth},
title= {Laminar and Turbulent flow in rock fissures and 
fissure networks},
school = {University of California, Berkeley},
year=1984,
}

@techreport{fhwart:88,
author = {T. C. Hopkins and D. L. Allen and R. C. Green and 
C. G. Grayson},
title = {Slope Maintenence and Slide Restoration},
institution ={Federal Highway Administration},
type = {Report FHWA-RT-88-040},
address = {McLean, Va.},
year =1988,
}


@InProceedings{gaziev:e1971,
  author = 	 {E. Gaziev and S. Erlikhman},
  title = 	 {Stresses and Strains in Anisotropic 
Rock Foundation (Model Studies)},
  booktitle = 	 {Proceedings of the International Association
on Rock Mechanics},
  OPTcrossref =  {},
  OPTkey = 	 {},
  pages = 	 {{II}-1},
  year = 	 {1971},
  OPTeditor = 	 {},
  OPTvolume = 	 {},
  OPTnumber = 	 {},
  OPTseries = 	 {},
  address = 	 {Nancy, France},
  OPTmonth = 	 {},
  OPTorganization = {},
  OPTpublisher = {},
  OPTnote = 	 {},
  OPTannote = 	 {}
}

@article{gerrard:c86,
author	={C. Gerrard},
title	={Shear Failure of Rock Joints: Appropriate
Constraints for Empirical Relations},
journal=IJRM,
volume	=23,
pages	={421--429},
year	=1986,
}


@Article{ghaboussi:j1973,
  author = 	 {J. Ghaboussi and E. L. Wilson and J. Isenberg},
  title = 	 {Finite element for rock joints and interfaces},
  journal = 	 {Journal of the Soil Mechanics and Foundations
Division of {ASCE}},
  year = 	 {1973},
  OPTkey = 	 {},
  volume = 	 {99 (SM 10)},
  OPTnumber = 	 {},
  pages = 	 {833-848},
  OPTmonth = 	 {},
  OPTnote = 	 {},
  OPTannote = 	 {}
}

@inproceedings{glynn:ef78,
author ={E. F. Glynn and D. Veneziano and H. H. Einstein},
title  ={The Probabilistic Model for Shearing Resistance of 
Jointed Rock},
booktitle = {Proceedings of the 19th U. S. Symposium on Rock Mechanics},
organization = {U. S. National Commitee for Rock Mechanics},
month  = {May},
editor = {Y. S. Kim},
year = {1978},
pages = {66-76},
}



@Article{goodman:re2000,
  author = 	 {R. E. Goodman and D. S. Kieffer},
  title = 	 {Behavior of Rock in Slopes},
  journal = 	 {ASCE Journal of Geotechnical and 
Geoenvironmental Engineering},
  year = 	 {2000},
  OPTkey = 	 {},
  volume = 	 {126},
  OPTnumber = 	 {8},
  pages = 	 {675-684},
  OPTmonth = 	 {August},
  OPTnote = 	 {},
  OPTannote = 	 {}
}


@Article{goodman:re1995,
  author = 	 {R. E. Goodman},
  title = 	 {Thirty-fifth {R}ankine lecture:
Block theory and its Application},
  journal = 	 {G{\'e}otechnique},
  year = 	 {1995},
  OPTkey = 	 {},
  volume = 	 {45},
  OPTnumber = 	 {},
  pages = 	 {381-423},
  OPTmonth = 	 {},
  OPTnote = 	 {},
  OPTannote = 	 {}
}


@book{goodman:re1985,
author	={R. E. Goodman and G.-H. Shi},
title	= {Block Theory and its application to 
Rock Engineering},
edition={},
publisher={Prentice-Hall, Inc},
address={Englewood Cliffs, NJ},
year	=1985,
}



@Article{goodman:re1968,
  author = 	 {R. E. Goodman and R. L. Taylor and T. L. Brekke},
  title = 	 {A model for the mechanics of jointed rock},
  journal = 	 {Journal of the Soil Mechanics and Foundations
Division of {ASCE}},
  year = 	 {1968},
  OPTkey = 	 {},
  volume = 	 {94 (SM 3)},
  OPTnumber = 	 {},
  pages = 	 {637-649},
  OPTmonth = 	 {},
  OPTnote = 	 {},
  OPTannote = 	 {}
}

@inproceedings{grasso:p92,
author ={P. Grasso and S. Xu and A. Mahtab},
title  ={Problems and promises of index testing of
rocks},
booktitle = {Rock Mechanics},
organization = {??},
month  = {??},
editor = {Tillerson and Wawersik},
year = {1992},
pages = {879-888},
}





@PhdThesis{grenoble:ba1989,
  author = 	 {B. A. Grenoble},
  title = 	 {Influence of geology on seepage
and uplift in concrete gravity dam foundations},
  school = 	 {University of Colorado},
  year = 	 {1989},
  OPTkey = 	 {},
  OPTtype = 	 {},
  address = 	 {Boulder},
  OPTmonth = 	 {},
  OPTnote = 	 {},
  OPTannote = 	 {}
}




@Article{goodman:re1981,
  author = 	 {R. E. Goodman and J. W. Bray},
  title = 	 {The theory of base friction models},
  journal = 	 IJRM,
  year = 	 {1981},
  OPTkey = 	 {},
  volume = 	 {18},
  OPTnumber = 	 {},
  pages = 	 {453-486},
  OPTmonth = 	 {},
  OPTnote = 	 {},
  OPTannote = 	 {}
}



@Book{goodman:re1976,
  author = 	 {R. E. Goodman},
  ALTeditor = 	 {},
  title = 	 {Methods of Geological Engineering},
  publisher = 	 {West Publishing Co.},
  year = 	 {1976},
  OPTkey = 	 {},
  OPTvolume = 	 {},
  OPTnumber = 	 {},
  OPTseries = 	 {},
  address = 	 {St. Paul, Minnesota},
  OPTedition = 	 {},
  OPTmonth = 	 {},
  OPTnote = 	 {},
  OPTannote = 	 {}
}


@InProceedings{goodman:re1976a,
  author = 	 {R. E. Goodman and J. W. Bray},
  title = 	 {Toppling of rock slopes},
  booktitle = 	 {Proceedings of the Specialty Conference on Rock 
Engineering for Foundations and Slopes, Boulder, Colorado},
  OPTcrossref =  {},
  OPTkey = 	 {},
  pages = 	 {201-234},
  year = 	 {1976},
  OPTeditor = 	 {},
  OPTvolume = 	 {},
  OPTnumber = 	 {},
  OPTseries = 	 {},
  OPTaddress = 	 {},
  OPTmonth = 	 {},
  OPTorganization = {},
  publisher = {ASCE},
  OPTnote = 	 {},
  OPTannote = 	 {}
}



@article{hart:rd86,
author	={R. D. Hart and C. M. {St. John}},
title	={Formulation of a Fully-coupled Thermal--Mechanical--Fluid
Flow Model for Geologic Systems},
journal=IJRM,
volume	=23,
pages	={213--224},
year	=1986,
}

@article{hatzor:yh1997,
author  ={Y. H. Hatzor and R. E. Goodman},
title   ={Three-Dimensional back-analysis of saturated
rock slopes in discontinuous rock---a case study},
journal={G{\'e}otechnique},
volume  =47,
pages   ={817-839},
year    =1997,
}


@article{johnson:iw85,
author	={I. W. Johnson},
title	={Comparison of Two Strength Criteria for Intact Rock},
journal={Journal of Geotechnical Engineering},
volume	=111,
pages	={1449-1454},
year	=1985,
}

@article{hart:r88,
author	={R. Hart and P. A. Cundall and J. Lemos},
title	={Formulation of a Three-dimensional Distinct Element 
Model---Part II.  Mechanical Calculations for Motion and Interaction
of a System Composed of Many Polyhedral Blocks},
journal={IJRM},
volume	=25,
pages	={117--125},
year	=1988,
}

@inproceedings{karaca:m93,
author ={M. Karaca and R. E. Goodman},
title	={The influence of wtaer on the behavior of a key block},
booktitle = {Rock Mechanics in the 1990s},
organization = {The 34th U. S. Symposium on Rock Mechanics},
month  = {June},
editor = {B. C. Haimson},
year = {1993},
pages = {1575-1578},
}

@article{heliot:d1988,
author	={D. Heliot},
title	={Generating a Blocky Rock Mass},
journal=IJRM,
volume	=25,
pages	={127--138},
year	=1988,
}


@Book{hoek:e1977,
  author = 	 {E. Hoek and J. W. Bray},
  ALTeditor = 	 {},
  title = 	 {Rock Slope Engineering},
  publisher = 	 {Institution of Mining and Metallurgy},
  year = 	 {1977},
  OPTkey = 	 {},
  OPTvolume = 	 {},
  OPTnumber = 	 {},
  OPTseries = 	 {},
  address = 	 {London},
  edition = 	 {2d},
  OPTmonth = 	 {},
  OPTnote = 	 {},
  OPTannote = 	 {}
}


@Book{hoek:e1981,
  author = 	 {E. Hoek and J. W. Bray},
  ALTeditor = 	 {},
  title = 	 {Rock Slope Engineering},
  publisher = 	 {Institution of Mining and Metallurgy},
  year = 	 {1981},
  OPTkey = 	 {},
  OPTvolume = 	 {},
  OPTnumber = 	 {},
  OPTseries = 	 {},
  address = 	 {London},
  edition = 	 {3d},
  OPTmonth = 	 {},
  OPTnote = 	 {},
  OPTannote = 	 {}
}

@inproceedings{hsiung:sm95,
author ={S. M. Hsiung and A. Ghosh and A. H. Chowdhury},
title  ={On Natural Rock Joint Profile Characterization
using Self-Affine Fractal Approach},
booktitle = {Rock Mechanics},
organization = {ISRM?},
month  = {},
editor = {J. J. K. Daemen and Schultz},
year = {1995},
pages = {681-687},
}


@article{isrmflatjack,
author	={International Society for Rock Mechanics},
title	={Suggested Method for Deformability Determination
Using a Large Flat Jack Technique},
journal={IJRM},
volume	=???,
pages	={133--140},
year	=1986,
}



@Book{jaeger:c1979,
  author = 	 {C. Jaeger},
  ALTeditor = 	 {},
  title = 	 {Rock Mechanics and Engineering},
  publisher = 	 {Cambridge University Press},
  year = 	 {1979},
  OPTkey = 	 {},
  OPTvolume = 	 {},
  OPTnumber = 	 {},
  OPTseries = 	 {},
  address = 	 {Cambridge},
  OPTedition = 	 {},
  OPTmonth = 	 {},
  OPTnote = 	 {},
  OPTannote = 	 {}
}

@article{jiao:y95,
author	={Y. Jiao and J. A. Hudson},
title	={The Fully-Coupled Model for Rock Engineering Systems},
journal={IJRM},
volume	=32,
pages	={491--512},
year	=1995,
}


@phdthesis{keifer:ds98,
author= {D. S. Kiefer},
title= {Rock Mass Slumping: compound failure mode in jointed 
hard rock slopes.},
school = {University of California, Berkeley},
year=1998,
}

@TechReport{kieffer:ds1994,
  author = 	 {D. S. Kieffer},
  title = 	 {Surface Displacement Rate of a Deep Seated 
Bedrock Topple at {M}exican {G}ulch, {C}alaveras {C}ounty, 
{C}alifornia},
  institution =  {University of California, Berkeley},
  year = 	 {1994},
  OPTkey = 	 {},
  OPTtype = 	 {},
  OPTnumber = 	 {},
  OPTaddress = 	 {},
  OPTmonth = 	 {},
  OPTnote = 	 {},
  OPTannote = 	 {}
}


@inproceedings{kinashi:h1997:ARM1,
author ={H. Kinashi and S. Amano and H. Tsuchihara
and H. Yoshioka and K. Michihiro},
title  ={Numerical Study on reinforcement effect of cable
bolt in discontinuous rock mass},
booktitle = {Environmental and Safety Concerns in 
Underground Construction},
organization = {Proceedings of the 1st Asian Rock Mechanics 
Symposium},
month  = {October},
editor = {H.-K. Lee and H.-S. Yang and S.-K. Chung},
year = {1997},
pages = {553-558},
comment={This could be a good case study for DDA.},
}

@inproceedings{kuszmaul:js92,
author ={J. S. Kuszmaul and R. E. Goodman},
title  ={An Analytical Model for Estimating Keyblock Sizes
in Excavations in Jointed Rock Masses},
booktitle = {Fractured and Jointed Rock Masses},
organization = {LBL},
editor = {???},
year = {1992},
pages = {26--33},
}


@TechReport{lang:ta1979,
  author = 	 {T. A. Lang and J. A. Bischoff and P. L. Wagner},
  title = 	 {A Program Plan for Determining Optimum 
Roof Bolt Tension: Theory and Application of Rock 
Reinforcement Systems in Coal Mines, Volume 1},
  institution =  {U.S. Bureau of Mines, Contract No. J0285006},
  year = 	 {1979},
  OPTkey = 	 {},
  OPTtype = 	 {},
  OPTnumber = 	 {},
  address = 	 {San Francisco: Leeds, Hill, and Jewett, Inc},
  OPTmonth = 	 {},
  OPTnote = 	 {},
  OPTannote = 	 {}
}


@Article{lapointe:pr2002,
  author = 	 {P. R. {La Pointe}},
  title = 	 {Derivation of parent fracture population statistics
from trace length measurements of fractal fracture populations},
  journal = 	 IJRM,
  year = 	 {2002},
  OPTkey = 	 {},
  volume = 	 {39},
  OPTnumber = 	 {},
  pages = 	 {381-388},
  OPTmonth = 	 {},
  OPTnote = 	 {},
  OPTannote = 	 {}
}

@article{lorig:lj86,
author	={L. J. Lorig and B. H. G. Brady and P. A. Cundall},
title	={Hybrid Distinct Element--Boundary Element Analysis
of Jointed Rock},
journal={IJRM},
volume	=23,
pages	={303---312},
year	=1986,
}

@article{low:bk97,
author	={B. K. Low},
title	={Reliability Analysis of Rock Wedges},
journal={Journal of Geotechnical and Geoenvironmental engineering},
volume	=123,
pages	={498-505},
year	=1997,
}


@Article{mauldon:m1998,
  author = 	 {M. Mauldon and S. Arwood and C. Pionke},
  title = 	 {An Energy Approach to Rock Slope Stability Analysis},
  journal = 	 {ASCE Journal of Engineering Mechanics},
  year = 	 {1998},
  OPTkey = 	 {},
  volume = 	 {124},
  OPTnumber = 	 {4},
  pages = 	 {395-405},
  OPTmonth = 	 {April},
  OPTnote = 	 {},
  OPTannote = 	 {}
}

@Article{mauldon:m1996a,
  author = 	 {M. Mauldon and J. Ureta},
  title = 	 {Stability analysis of rock wedges with 
                  multiple sliding surfaces},
  journal = 	 {Geotech. and Geological Engrg.},
  year = 	 {1996},
  OPTkey = 	 {},
  volume = 	 {14},
  OPTnumber = 	 {},
  pages = 	 {51-66},
  OPTmonth = 	 {},
  OPTnote = 	 {},
  annote = 	 {Not in collection, taken from mauldon:m1998}
}

@inproceedings{mauldon:m1995a,
author ={M. Mauldon and J. Ureta},
title  ={Sliding stability of prismatic blocks},
booktitle = {Proceedings of the 35th U. S.   Rock Mechanics Symposium},
organization = {},
month  = {},
editor = {J. J. K. Daemen and R. A. Schultz},
year = {1995},
pages = {39-44},
}

@article{mauldon:m90a,
author	={M. Mauldon and R. Goodman},
title	={Rotational Kinematics and Equilibrium of Blocks
in a Rock Mass},
journal={IJRM},
volume	=27,
pages	={291--301},
year	=1990,
}

@article{mauldon:m90b,
author	={M. Mauldon},
title	={Probability Aspects of the Removability of
Tetrahedral Blocks},
journal={IJRM},
volume	=27,
pages	={303--307},
year	=1990,
}




@inproceedings{mauldon:m1993,
author	={M. Mauldon},
title	={Variation of Joint Orientation in 
Block Theory Analysis},
booktitle = {Rock Mechanics in the 1990s},
organization = {The 34th U. S. Symposium on Rock Mechanics},
month  = {June},
editor = {B. C. Haimson},
year = {1993},
pages = {1585-1589},
}

@article{mauldon:m1995b,
author	={M. Mauldon},
title	={Keyblock Probabilities and Size Distributions: A First
Model for Impersistent 2-D Fractures},
journal={IJRM},
volume	={??},
pages	={???},
year	=1995,
}

@article{mauldon:m1994,
author	={M. Mauldon},
title	={Intersection Probabilities of Impersistent Joints},
journal=IJRM,
volume	=31,
pages	={107-115},
year	=1994,
}



@InProceedings{maury:v1970,
  author = 	 {V. Maury},
  title = 	 {Mechanique des milieux stratifies, 
experiences et calcuis},
  booktitle = 	 {DUNDO},
  OPTcrossref =  {},
  OPTkey = 	 {},
  OPTpages = 	 {},
  year = 	 {1970},
  OPTeditor = 	 {},
  OPTvolume = 	 {},
  OPTnumber = 	 {},
  OPTseries = 	 {},
  address = 	 {Paris, France},
  OPTmonth = 	 {},
  OPTorganization = {},
  OPTpublisher = {},
  OPTnote = 	 {},
  OPTannote = 	 {}
}




@article{millar:dl,
author	={D. L. Millar and Y. Jiao and P. N. Arnold and
J. A. Hudson},
title	={Rock Engineering Systems Approach to 
Risk Assessment},
journal={?},
volume	={???},
pages	={1-19},
year	={???},
}

@article{muller:l1964a,
author	={L. M{\"u}ller},
title	={The Stability of Rock Bank Slopes and The Effect 
of Rock Water on the Same},
journal=IJRM,
volume	=1,
pages	={475-504},
year	=1964,
}

@article{nathanail:cp1996,
author	={C. P. Nathanail},
title	={Kinematic Analysis of Active$/$Passive Wedge 
Failure Using Stereographic Projection},
journal=IJRM,
volume	=33,
pages	={405-407},
year	=1996,
}

@inproceedings{richards:la52,
author	={L. A. Richards},
title	={Report of the Subcommittee on Permeability and 
infiltration, Committee on Terminology, Soil Science 
Society of America},
booktitle={Proceedings},
organization	={Soil Science Society of America},
editor={},
pages	={85-88},
year	=1952,
}


@Article{sagaseta:c1986,
  author = 	 {C. Sagaseta},
  title = 	 {On the modes of instability of a rigid block 
on an inclined plane},
  journal = 	 {Rock Mechanics and Rock Engineering},
  year = 	 {1986},
  OPTkey = 	 {},
  volume = 	 {19},
  OPTnumber = 	 {},
  pages = 	 {261-266},
  OPTmonth = 	 {},
  OPTnote = 	 {},
  OPTannote = 	 {}
}






@article{schlueter:em97,
author	={E. M. Schlueter and R. W. Zimmerman and P. A. 
Witherspoon and N. G. W. Cook},
title	={The fractal dimension of pores in sedimentary rocks
and its influence on permeability},
journal={Engineering Geology},
volume	=48,
pages	={199-215},
year	=1997,
}

@article{senseny:pe1994,
author	={P. E. Senseny and D. A. Simons},
title	={Comparison of Calculational Approaches 
for Structural Deformation in Fractured Rock},
journal={International Journal for Numerical and Analytical
Methods in Geomechanics},
volume	=18,
pages	={327-244},
year	=1994,
}



@InProceedings{shimizu:n1996,
  author = 	 {N. Shimizu and H. Kakihara and H. Terato
and K. Nakagawa},
  title = 	 {A back analysis for predicting deformational behavior of 
discontinuous rock mass},
  booktitle = 	 {Proceedings of the Second North American 
Rock Mechanics Symposium, Montreal, Canada},
  OPTcrossref =  {},
  OPTkey = 	 {},
  pages = 	 {2001-2008},
  year = 	 {1996},
  editor = 	 {M. Aubertin and F. Hassani and H. Mitri},
  OPTvolume = 	 {},
  OPTnumber = 	 {},
  OPTseries = 	 {},
  OPTaddress = 	 {},
  month = 	 {June 19-21},
  OPTorganization = {},
  OPTpublisher = {},
  OPTnote = 	 {},
  OPTannote = 	 {}
}

@article{sitar:n2003,
author={N. Sitar and M. MacLaughlin and D. M. Doolin},
title={Kinematics of landslides},  
journal={ASCE Journal of Geotechnical and Geoenvironmental Engineering},
volume={(Accepted for publication)},
pages={},
year={2003},
}


@article{song:j1996,
author	={J. Song and K. Kim},
title	={Micromechanical Modeling of the Dynamic Fracture Process
During Rock Blasting},
journal=IJRM,
volume	=33,
pages	={387-394},
year	=1996,
}



@article{stead:d97,
author	={D. Stead and E. Eberhardt},
title	={Developments in the analysis of footwall slopes
in surface coal mining},
journal={Engineering Geology},
volume	=46,
pages	={41-61},
year	=1997,
}

@TechReport{stille:h1980,
  author = 	 {H. Stille},
  title = 	 {Arch formation in Jointed Hard Rock --- Part 1: 
Theory},
  institution =  {Institution for Soil and Rock Mechanics, 
Royal Institute for Technology},
  year = 	 {1980},
  OPTkey = 	 {},
  OPTtype = 	 {},
  OPTnumber = 	 {},
  address = 	 {Stockholm, Sweden},
  OPTmonth = 	 {},
  OPTnote = 	 {},
  OPTannote = 	 {}
}



@inproceedings{swenson:d92,
author ={D. Swenson and M. Beikmann},
title  ={An implicitely coupled model of fluid flow 
in jointed rock},
booktitle = {Rock Mechanics},
organization = {Proceedings of the 33rd U. S. Symposium},
month  = {June},
editor = {J. R. Tillerson and W. R. Wawersik},
year = {1992},
pages = {649-658},
comment={Presents a derivation of coupled block-fracture
fluid flow implemented in pure finite elements. Uses a joint 
stiffness method; do not move as in DDA.},
}



@article{terzaghi:k62,
author	={K. Terzaghi},
title	={Stability of Steep Slopes on Hard 
Unweathered Rock},
journal={G{\'e}otechnique},
volume	=12,
pages	={251-270},
year	=1962,
}


@article{toledo:pec93,
author	={P. E. C. de Toledo and M. H. de Freitas},
title	={Laboratory Testing and Parameters Controlling the 
Shear Strength of Filled Rock Joints},
journal={G{\'e}otechnique},
volume	=43,
pages	={1--19},
year	=1993,
}



@article{tonon:f1998,
author	={F. Tonon},
title	={Generalization of Mauldon's and Goodman's
Vector Analysis of Keyblock Rotations},
journal={Journal of Geotechnical and Geoenvironmental 
Engineering},
volume	=124,
pages	={913-922},
year	=1998,
}




@MastersThesis{ureta:j1994,
  author = 	 {J. Ureta},
  title = 	 {Stability analysis of prismatic rock blocks},
  school = 	 {University of Tennessee},
  year = 	 {1994},
  OPTkey = 	 {},
  OPTtype = 	 {},
  address = 	 {Knoxville, Tennessee},
  OPTmonth = 	 {},
  OPTnote = 	 {},
  OPTannote = 	 {}
}

@article{waclawik:j86,
author	={J. Waclawik and W. Miolajczyk and M. Branny},
title	={Flow of Air with Variable Density in Mine Ventilation 
Networks},
journal={IJRM},
volume	=23,
pages	={411--419},
year	=1986,
}


@book{golfracht:tdv82,
author	={T. D. {V}an Golf-Racht},
title	= {Fundamentals of fractured reservoir engineering},
edition={},
publisher={Elsevier Scientific Publishing Company},
address={New York},
year	=1982,
}

@article{walsh:jb65a,
author	={J. B. Walsh},
title	={The Effect of Cracks on the Uniaxial Elastic 
Compression of Rocks},
journal={JGR},
volume	=70,
pages	={399--411},
year	=1965,
}

@article{walsh:jb65b,
author	={J. B. Walsh},
title	={The Effect of Cracks on the Compressibility of Rock},
journal={JGR},
volume	=70,
pages	={381--389},
year	=1965,
}



@inproceedings{windsor:cr92,
author ={C. R. Windsor},
title  ={Block Stability in Jointed Rock Masses},
booktitle = {Fractured and Jointed Rock Masses},
organization = {LBL},
editor = {???},
year = {1992},
pages = {65--72},
}




@article{zhang:s88,
author	={S. Zhang and G. Tong},
title	={Computerized Pole Concentration Graphs Using the 
Wulff Stereographic Projection},
journal={IJRM},
volume	=25,
pages	={45--51},
year	=1988,
}

@inproceedings{zienkiewcz:oc70,
author ={O. C. Zienkiewcz and B. Best and C. Dullage and K. G. Stagg},
title  ={Analysis of non-Linear Problems in Rock Mechanics with
Particular Reference to Jointed Rock Systems},
booktitle = {Proceedings of the Second Congress},
organization = {International Society for Rock Mechanics},
year = {1970},
pages = {501--509},
}

