

%%% Rock bolt specific references.

%%% $Date: 2003/04/20 23:33:52 $




@InBook{choquet:p1993,
  author = 	 {P. Choquet and J. Hadjigeorgiou},
  ALTeditor = 	 {},
  title = 	 {Comprehensive Rock Engineering},
  chapter = 	 {12. The design of support for underground
excavations},
  publisher = 	 {Pergamon Press Inc.},
  year = 	 {1993},
  OPTkey = 	 {},
  volume = 	 {4},
  OPTnumber = 	 {},
  OPTseries = 	 {},
  OPTtype = 	 {},
  OPTaddress = 	 {},
  OPTedition = 	 {},
  OPTmonth = 	 {},
  OPTpages = 	 {},
  OPTnote = 	 {},
  OPTannote = 	 {}
}

@InBook{peng:ss1978,
  author = 	 {S. S. Peng},
  ALTeditor = 	 {},
  title = 	 {Coal mine ground control},
  chapter = 	 {6. Roof bolting},
  publisher = 	 {John Wiley \& Sons},
  year = 	 {1978},
  OPTkey = 	 {},
  OPTvolume = 	 {},
  OPTnumber = 	 {},
  OPTseries = 	 {},
  OPTtype = 	 {},
  address = 	 {New York},
  OPTedition = 	 {},
  OPTmonth = 	 {},
  pages = 	 {130-143},
  OPTnote = 	 {},
  OPTannote = 	 {}
}


@TechReport{serbousek:mo1987,
  author = 	 {M. O. Serbousek and S. P. Signer},
  title = 	 {Linear load-transfer mechanics 
of fully grouted rock bolts},
  institution =  {U. S. Bureau of Mines},
  year = 	 {1987},
  OPTkey = 	 {},
  type = 	 {Report of Investigations},
  number = 	 {9135},
  OPTaddress = 	 {},
  OPTmonth = 	 {},
  OPTnote = 	 {},
  OPTannote = 	 {}
}


@InProceedings{signer:sp2000,
  author = 	 {S. P. Signer},
  title = 	 {Load behavior of grouted bolts in 
sedimentary rock},
  booktitle = 	 {New Technology for coal mine roof support},
  OPTcrossref =  {},
  OPTkey = 	 {},
  pages = 	 {73-80},
  year = 	 {2000},
  editor = 	 {C. Mark and D. R. Dolinar and R. J. Tuchman
and T. M. Barzak and S. P. Signer and P. F. Wopat},
  OPTvolume = 	 {},
  number = 	 {{IC} 9453},
  OPTseries = 	 {},
  OPTaddress = 	 {},
  month = 	 {October},
  organization = {National Institute for Occupational 
Safety and Health},
  publisher = {U. S. Department of Health and Human Services},
  OPTnote = 	 {},
  OPTannote = 	 {}
}



@InProceedings{signer:sp1997,
  author = 	 {S. P. Signer and D. Cox and J. Johnston},
  title = 	 {A method for the selection of rock support
based on bolt loading measurements},
  booktitle = 	 {16th Conference on Ground Control in Mining},
  OPTcrossref =  {},
  OPTkey = 	 {},
  pages = 	 {183-190},
  year = 	 {1997},
  editor = 	 {S. S. Peng},
  OPTvolume = 	 {},
  OPTnumber = 	 {},
  OPTseries = 	 {},
  OPTaddress = 	 {},
  OPTmonth = 	 {},
  OPTorganization = {},
  OPTpublisher = {},
  OPTnote = 	 {},
  OPTannote = 	 {}
}

@TechReport{signer:sp1990,
  author = 	 {S. P. Signer},
  title = 	 {Field verification of load transfer
mechanics of fully grouted roof bolts},
  institution =  {U. S. Bureau of Mines},
  year = 	 {1990},
  OPTkey = 	 {},
  type = 	 {Report of Investigations},
  number = 	 {9301},
  address = 	 {U. S. Department of the Interior},
  OPTmonth = 	 {},
  OPTnote = 	 {},
  OPTannote = 	 {}
}


@InBook{stillborg:b1986a,
  author = 	 {B. Stillborg},
  ALTeditor = 	 {},
  title = 	 {Professional users handbook for rock bolting},
  chapter = 	 {3. Review of typical rock bolt systems},
  publisher = 	 {Trans Tech Publications},
  year = 	 {1986},
  OPTkey = 	 {},
  volume = 	 {15},
  OPTnumber = 	 {},
  OPTseries = 	 {},
  OPTtype = 	 {},
  address = 	 {P.O. Box 1254, Clausthal-Zellerfeld, Federal
Republic of Germany},
  OPTedition = 	 {},
  OPTmonth = 	 {},
  OPTpages = 	 {},
  OPTnote = 	 {},
  OPTannote = 	 {}
}

@InBook{stillborg:b1986b,
  author = 	 {B. Stillborg},
  ALTeditor = 	 {},
  title = 	 {Professional users handbook for rock bolting},
  chapter = 	 {Testing of rock bolts},
  publisher = 	 {Trans Tech Publications},
  year = 	 {1986},
  OPTkey = 	 {},
  volume = 	 {15},
  OPTnumber = 	 {},
  OPTseries = 	 {},
  OPTtype = 	 {},
  address = 	 {P.O. Box 1254, Clausthal-Zellerfeld, Federal
Republic of Germany},
  OPTedition = 	 {},
  OPTmonth = 	 {},
  OPTpages = 	 {},
  OPTnote = 	 {},
  OPTannote = 	 {}
}

