


%%%  Needs to go somewhere else eventually, like stats or something
%%%  Broadbent, S. R. and J. M. Hammersley, 1957, Proc. 
%Cambridge Phil. Soc. 53, 629.
%
%Elizabeth Royer and C-K Toh " A Review of Current Routing Protocols for Ad-Hoc Mobile Wireless Networks " , 
%IEEE Personal Communications Magazine, April 1999, pp. 46-55. 

%
%Charles E. Perkins and Elizabeth Royer 
%"Ad-hoc On-Demand Distance Vector Routing. ", 
%Proceedings of the 2nd IEEE Workshop on Mobile Computing Systems 
%and Applications, New Orleans, LA, February 1999, pp. 90-100. 

%Z.J. Haas and M.R. Pearlman 
%"The Performance of Query Control Schemes for the Zone Routing Protocol", 
%ACM SIGCOMM'98 
%Charles E. Perkins and Elizabeth Royer " Ad-hoc On-Demand Distance Vector Routing. " , Proceedings of the 2nd IEEE Workshop on Mobile Computing Systems and Applications, New Orleans, LA, February 1999, pp. 90-100. 

%Z.J. Haas and M.R. Pearlman " The Performance of Query Control Schemes for the Zone Routing Protocol " , ACM SIGCOMM'98 



@InProceedings{blazevic:l2001,
        author =    "Blazevic, L. and Giordano, S. and Le Boudec, J. Y.",
        title =     "Self Organized Routing in Wide Area Mobile Ad Hoc Network ",
        pages =     "",
        booktitle = "Proceedings of IEEE Symposium on Ad Hoc Wireless Networks (Globecom 2001)",
        address =   "San Antonio, Texas",
        year =      "2001",
        month =     "November"
}


@Article{broadbent:sr1957,
  author = 	 {S. R. Broadbent and J. M. Hammersley},
  title = 	 {Percolation proesses I. {C}rystals and mazes},
  journal = 	 {Proc. Cambridge Phil. Soc},
  year = 	 {1957},
  OPTkey = 	 {},
  volume = 	 {53},
  OPTnumber = 	 {},
  OPTpages = 	 {},
  OPTmonth = 	 {},
  OPTnote = 	 {},
  OPTannote = 	 {}
}






@TechReport{buonadonna:p2001,
  author = 	 {P. Buonadonna and J. Hill and D. Culler},
  title = 	 {Active Message Communication for 
Tiny Networked Sensors},
  institution =  {Department of Computer Science},
  year = 	 {2001},
  OPTkey = 	 {},
  OPTtype = 	 {},
  OPTnumber = 	 {},
  address = 	 {University of California, Berkeley, CA},
  OPTmonth = 	 {},
  OPTnote = 	 {},
  OPTannote = 	 {}
}

@TechReport{crespo:a2002,
  author = 	 {A. Crespo  and H. {Garcia-Molina}},
  title = 	 {Routing indices for Peer-to-peer systems},
  institution =  {Stanford University},
  year = 	 {2002},
  OPTkey = 	 {},
  OPTtype = 	 {},
  OPTnumber = 	 {},
  OPTaddress = 	 {},
  OPTmonth = 	 {},
  OPTnote = 	 {},
  OPTannote = 	 {}
}


@Article{das:s2001,
  author = 	 {S. R. Das and C. E. Perkins and
E. M. Royer and M. K. Marina},
  title = 	 {Performance Comparison of Two On-demand Routing Protocols
     for Ad hoc Networks},
  journal = 	 {IEEE Personal Communications},
  year = 	 {2001},
  OPTkey = 	 {},
  OPTvolume = 	 {},
  OPTnumber = 	 {},
  pages = 	 {16-28},
  OPTmonth = 	 {},
  OPTnote = 	 {},
  OPTannote = 	 {}
}






@TechReport{digitalfountain:2001,
  author = 	 {Anonymous},
  title = 	 {{D}igital {F}ountain's Meta-Content Technology},
  institution =  {Digital Fountain, Inc.},
  year = 	 {2001},
  OPTkey = 	 {},
  OPTtype = 	 {},
  OPTnumber = 	 {},
  OPTaddress = 	 {},
  OPTmonth = 	 {},
  OPTnote = 	 {},
  OPTannote = 	 {}
}

@Article{jain:r2001,
  author = 	 {R. Jain and A. Puri and R. Sengupta},
  title = 	 {Geographical Routing and Using Partial 
Information for Wireless, Ad Hoc Networks},
  journal = 	 {IEEE Personal Communications},
  year = 	 {2001},
  OPTkey = 	 {},
  OPTvolume = 	 {},
  OPTnumber = 	 {},
  pages = 	 {48-57},
  month = 	 {February},
  OPTnote = 	 {},
  OPTannote = 	 {}
}






@MastersThesis{hill:j2000,
  author = 	 {J. Hill},
  title = 	 {A Software Architecture Supporting
Networked Sensors},
  school = 	 {University of California},
  year = 	 {2000},
  OPTkey = 	 {},
  OPTtype = 	 {},
  address = 	 {Berkeley, CA},
  OPTmonth = 	 {},
  OPTnote = 	 {},
  OPTannote = 	 {}
}

@inproceedings{li:jy2000,
    author =  {J. Li and J. Jannotti and D. {De Couto} 
and D. Karger and R. Morris},
    title = {A scalable location service for geographic ad-hoc routing},
    booktitle = {Proceedings of the 6th {ACM} International 
                 Conference on Mobile Computing and 
                 Networking ({MobiCom} '00)},
    year = {2000},
    month = {August},
    pages = {120--130},
    url =   {citeseer.nj.nec.com/li00scalable.html} 
}


@InProceedings{perkins:ce1999,
  author = 	 {C. E. Perkins and E. M. Royer},
  title = 	 {Ad-hoc On-demand Distance Vector Routing},
  booktitle = 	 {Proceeding of MobiCom '99 },
  OPTcrossref =  {},
  OPTkey = 	 {},
  pages = 	 {207-218},
  year = 	 {1999},
  OPTeditor = 	 {},
  OPTvolume = 	 {},
  OPTnumber = 	 {},
  OPTseries = 	 {},
  address = 	 {Seattle, Wash.},
  month = 	 {August},
  OPTorganization = {},
  OPTpublisher = {},
  OPTnote = 	 {},
  OPTannote = 	 {}
}

@misc{ perrig:a2001,
  author = "A. Perrig and R. Szewczyk and V. Wen and D. Cullar and J. Tygar",
  title = {{SPINS}: {S}ecurity protocols for sensor networks},
  organization = {Proceedings of MOBICOM, 2001},
  year = "2001",
  url = "citeseer.nj.nec.com/perrig01spins.html" }

@InProceedings{ratsnamy:s2002,
  author = 	 {S. Ratsnamy and S. Shenker and I. Stoica},
  title = 	 {Routing algorithms for {DHT}s: Some open questions},
  booktitle = 	 {},
  OPTcrossref =  {},
  OPTkey = 	 {},
  OPTpages = 	 {},
  year = 	 {2002},
  OPTeditor = 	 {},
  OPTvolume = 	 {},
  OPTnumber = 	 {},
  OPTseries = 	 {},
  OPTaddress = 	 {},
  month = 	 {March},
  organization = {First International Workshop on Peer-to-Peer Systems (IPTPS) 2002},
  OPTpublisher = {},
  OPTnote = 	 {},
  OPTannote = 	 {}
}



@Article{royer:em1999,
  author = 	 {Elizabeth Royer and C-K Toh},
  title = 	 {A Review of Current Routing 
Protocols for Ad-Hoc Mobile Wireless Networks},
  journal = 	 {IEEE Personal Communications},
  year = 	 {1999},
  OPTkey = 	 {},
  OPTvolume = 	 {April},
  OPTnumber = 	 {},
  pages = 	 {46-55},
  OPTmonth = 	 {},
  OPTnote = 	 {},
  OPTannote = 	 {}
}



@inproceedings{sariou:s2002,
  author = "Stefan Saroiu and P. Krishna Gummadi and Steven D. Gribble",
  title = "A Measurement Study of Peer-to-Peer File Sharing Systems",
  booktitle = "Proceedings of Multimedia Computing and Networking 2002 (MMCN '02)",
  year = 2002,
  month = {January},
  address = {San Jose, CA, USA},
  url = "citeseer.nj.nec.com/saroiu02measurement.html",
  url = "http://www.cs.washington.edu/homes/tzoompy/publications/mmcn/2002/abstract.html" 
}



@InProceedings{stoica:i2002,
  author = 	 {I. Stoica and D. Adkins and S. Ratsnamy and 
S. Shenker and S. Surana and S. Zhuang},
  title = 	 {Internet indirection infrastructure},
  booktitle = 	 {},
  OPTcrossref =  {},
  OPTkey = 	 {},
  OPTpages = 	 {},
  year = 	 {2002},
  OPTeditor = 	 {},
  OPTvolume = 	 {},
  OPTnumber = 	 {},
  OPTseries = 	 {},
  OPTaddress = 	 {},
  month = 	 {March},
  organization = {First International Workshop on Peer-to-Peer Systems (IPTPS) 2002},
  OPTpublisher = {},
  OPTnote = 	 {},
  OPTannote = 	 {}
}


@InProceedings{woo:a2001,
  author = "A. Woo and D. Culler",
  title = {A Transmission Control Scheme for Media Access in Sensor Networks},
  organization = {Proc. ACM/IEEE Mobicom},
  year = {2001},
  url = "citeseer.nj.nec.com/491433.html" }



@TechReport{yang:b2002a,
  author = 	 {B. Yang and H. {Garcia-Molina}},
  title = 	 {Efficient Search in Peer-to-Peer Networks},
  institution =  {Stanford University},
  year = 	 {2002},
  OPTkey = 	 {},
  OPTtype = 	 {},
  OPTnumber = 	 {},
  OPTaddress = 	 {},
  OPTmonth = 	 {},
  OPTnote = 	 {},
  OPTannote = 	 {}
}

@TechReport{yang:b2002b,
  author = 	 {B. Yang and H. {Garcia-Molina}},
  title = 	 {Designing a Super-Peer Network},
  institution =  {Stanford University},
  year = 	 {2002},
  OPTkey = 	 {},
  OPTtype = 	 {},
  OPTnumber = 	 {},
  OPTaddress = 	 {},
  OPTmonth = 	 {},
  OPTnote = 	 {},
  OPTannote = 	 {}
}

@InProceedings{zhao:by2002,
  author = 	 {B. Y. Zhao and Y. Duan and L. Huang and A.D.
Joseph and J. D. Kubiatowicz},
  title = 	 {Brocade: Landmark Routing on Overlay Networks},
  booktitle = 	 {},
  OPTcrossref =  {},
  OPTkey = 	 {},
  OPTpages = 	 {},
  year = 	 {2002},
  OPTeditor = 	 {},
  OPTvolume = 	 {},
  OPTnumber = 	 {},
  OPTseries = 	 {},
  OPTaddress = 	 {},
  month = 	 {March},
  organization = {First International Workshop on Peer-to-Peer Systems (IPTPS) 2002},
  OPTpublisher = {},
  OPTnote = 	 {},
  OPTannote = 	 {}
}

