%  Conasauga  bibliography database


%% bibtexfile{
%% author	="David M. Doolin",
%% version 	="1.0",
%% year	="20 sept 94",
%% filename	="cona.bib",
%% address	="utk",
%% email	="doolin at cs.utk.edu" }


@String{GSAB={Geological Society of America Bulletin}}
@String{IJRM={Int. J. Rock Mech. Min. Sci. \& Geomech. Abstr.}}
@String{JGR="Journal Of Geophysical Research"}
@String{IJMGE="International Journal Of Mining and Engineering"}
@String{BAEG="Bulletin of the Association of Engineering Geologists"}
@String{WRR="Water Resources Research"}
@String{GW="Ground Water"}
@String{JSG="Journal of Structural Geology"}
@String{GWMR="Groundwater Monitoring and Remediation"}


@book{lambe:70,
author	={T. W. Lambe and R. V. Williams},
title	= {Soil Mechanics},
publisher={John Wiley \& Sons},
address={New York},
year	=1970,
}

@book{craig:rf92,
author	={R. F. Craig},
title	= {Soil Mechanics},
edition={5th},
publisher={Chapman \& Hall},
address={London},
year	=1992,
}


@techreport{maciver:bn70,
author = {B. N. MacIver and G. P. Hale},
title = {Laboratory Soils Testing},
institution ={US Army Corps of Engineers},
type = {EM 1110--2--1906},
address = {Washington, D. C.},
year =1970,
}
 
