


@InProceedings{lee:kb2003,
  author = 	 {K. B. Lee and F. Sammoura and L. Lin},
  title = 	 {Water Activated Disposable and Long 
                  Shelf Life Microbatteries},
  booktitle = 	 {Proceedings of 16th IEEE International 
Conference on Micro Electro Mechanical System, MEMS 2003},
  OPTcrossref =  {},
  OPTkey = 	 {},
  pages = 	 {387-390},
  year = 	 {2003},
  OPTeditor = 	 {},
  OPTvolume = 	 {},
  OPTnumber = 	 {},
  OPTseries = 	 {},
  OPTaddress = 	 {},
  month = 	 {January},
  OPTorganization = {},
  OPTpublisher = {},
  OPTnote = 	 {},
  OPTannote = 	 {}
}


@inproceedings{bulusu:n2001,
  author = {Nirupama Bulusu and Vladimir Bychkovskiy and 
Deborah Estrin and John Heidemann},
  title = {{GPS}-less Low Cost Outdoor Localization For Very
Small Devices},
  booktitle = {21st International Conference on Distribued
Computing (ICDCS) 2001},
  address = {Phoenix, Arizona},
  month = {April},
  year = {2001}
}



@inproceedings{bulusu:n2002,
  author = {Nirupama Bulusu and Vladimir Bychkovskiy and 
Deborah Estrin and John Heidemann},
  title = {Scalable, Ad Hoc Deployable RF-based Localization},
  booktitle = {Grace Hopper Celebration of Women in Computing 
Conference 2002},
  address = {Vancouver, British Columbia, Canada},
  month = {October},
  year = {2002},
  url = {http://www.cs.ucla.edu/~bulusu/papers/Bulusu02a.html}
}


 

@InProceedings{chen:mm2004,
  author = 	 {M. M. Chen and A. Sharma and D. M. Doolin 
and S. Glaser and N. Sitar},
  title = 	 {Sensor network behavior at the 
urban-rural interface: making smart structures smarter},
  booktitle = 	 {Proceedings of SN-09, San Diego, CA},
  OPTcrossref =  {},
  OPTkey = 	 {},
  OPTpages = 	 {},
  year = 	 {2004},
  OPTeditor = 	 {},
  OPTvolume = 	 {},
  OPTnumber = 	 {},
  OPTseries = 	 {},
  OPTaddress = 	 {},
  OPTmonth = 	 {},
  OPTorganization = {},
  OPTpublisher = {},
  OPTnote = 	 {},
  OPTannote = 	 {}
}






@Misc{chen:mm2003,
  OPTkey = 	 {},
  author = 	 {M. M. Chen and C. Majidi and D. M. Doolin 
and S. Glaser and N. Sitar},
  title = 	 {Design and construction of a wildfire 
instrumentation system using networked sensors},
  howpublished = {Poster --- Network Embedded Systems
Technology (NEST) Retreat, Oakland, CA},
  month = 	 {June 17-18},
  year = 	 {2003},
  OPTnote = 	 {},
  OPTannote = 	 {}
}

@TechReport{ganesan:d2002,
  author = 	 {D. Ganesan and B. Krishnamachari and A. Woo 
and D. Culler and D. Estrin and and S. Wicker},
  title = 	 {Complex Behavior at Scale: An Experimental 
Study of Low-Power Wireless Sensor Networks. },
  institution =  {University of California},
  year = 	 {2002},
  OPTkey = 	 {},
  type = 	 {Technical Report CSD-TR 02-0013},
  OPTnumber = 	 {},
  address = 	 {Los Angeles},
  month = 	 {February},
  OPTnote = 	 {},
  OPTannote = 	 {}
}


@InProceedings{gay_d2003,
  author = 	 {D. Gay and P. Levis and  R. {von Behren}
 and  M. Welsh and  E. Brewer and D. Culler},
  title = 	 {The {nesC} Language: A Holistic Approach to 
Networked Embedded Systems},
  booktitle = 	 {Proceedings of the {ACM SIGPLAN 2003}
conference on Programming Language Design and Implementation},
  OPTcrossref =  {},
  OPTkey = 	 {},
  pages = 	 {1-11},
  year = 	 {2003},
  OPTeditor = 	 {},
  OPTvolume = 	 {},
  OPTnumber = 	 {},
  OPTseries = 	 {},
  address = 	 {New York},
  month = 	 {June 9-11},
  doi = {http://doi.acm.org/10.1145/781131.781133},
  OPTorganization = {},
  publisher = {ACM Press},
  OPTnote = 	 {},
  OPTannote = 	 {}
}





@misc{hill:j2000,
  author = "Jason Hill",
  title = "A software architecture supporting networked sensors",
  book-title = "Master's thesis, U.C. Berkeley, 2000. Dept. of 
Electrical Eng. and Computer Science,",
  year = "2000"
}


@InProceedings{lundquist:jd2003,
  author = 	 {J. D. Lundquist and D. R. Cayan
and M. D. Dettinger},
  title = 	 {Meteorology and Hydrology in 
Yosemite National Park: A Sensor Network Application},
  booktitle = 	 {Information Processing in Sensor Networks 
Second International Conference, Palo Alto, CA},
  OPTcrossref =  {},
  OPTkey = 	 {},
  pages = 	 {518-528},
  year = 	 {2003},
  OPTeditor = 	 {},
  OPTvolume = 	 {},
  OPTnumber = 	 {},
  OPTseries = 	 {},
  OPTaddress = 	 {},
  month = 	 {April 22-23},
  organization = {Lecture Notes in Computer Science 2634},
  publisher = {Springer},
  OPTnote = 	 {},
  OPTannote = 	 {}
}




@Article{lynch:jp2003:SEM,
  author = 	 {J. P. Lynch and A. Sundararajan and
K. Law and A. S. Kiremidjian and T. Kenny and E. Carryer},
  title = 	 {Embedment of structural monitoring 
algorithms in a wireless sensing unit},
  journal = 	 {Structural Engineering and Mechanics},
  year = 	 {2003},
  OPTkey = 	 {},
  volume = 	 {15},
  OPTnumber = 	 {3},
  pages = 	 {285-297},
  OPTmonth = 	 {},
  OPTnote = 	 {},
  OPTannote = 	 {}
}

@InProceedings{kottapelli:va2003:SPIE,
  author = 	 {V. A. Kottapalli and A. S. Kiremidjian and J. P. Lynch
and E. Carryer and T. W. Kenny and K. H. Law and Y. Lei},
  title = 	 {Two-Tiered Wireless Sensor Network 
Architecture for Structural Health Monitoring},
  booktitle = 	 {SPIE'03},
  OPTcrossref =  {},
  OPTkey = 	 {},
  OPTpages = 	 {},
  year = 	 {2003},
  OPTeditor = 	 {},
  OPTvolume = 	 {},
  OPTnumber = 	 {},
  OPTseries = 	 {},
  OPTaddress = 	 {},
  OPTmonth = 	 {},
  OPTorganization = {},
  OPTpublisher = {},
  OPTnote = 	 {},
  OPTannote = 	 {}
}







@Book{nrc:2002,
  author = 	 {{National Research Council}},
  ALTeditor = 	 {},
  title = 	 {Making the nation safer: The role of science and 
technology in countering terrorism},
  publisher = 	 {National Academies Press},
  year = 	 {2002},
  OPTkey = 	 {},
  OPTvolume = 	 {},
  OPTnumber = 	 {},
  OPTseries = 	 {},
  address = 	 {Washington, D.C.},
  OPTedition = 	 {},
  OPTmonth = 	 {},
  OPTnote = 	 {},
  OPTannote = 	 {}
}

@inproceedings{mainwaring:a2002,
  author = {Alan Mainwaring and Joseph Polastre and 
  Robert Szewczyk and David Culler and John Anderson},
  title = {Wireless Sensor Networks for Habitat Monitoring},
  month = {September},
  day = 28,
  booktitle = {Proceedings of the 1st ACM international 
  workshop on Wireless sensor networks and applications},
  year = {2002},
  isbn = {1-58113-589-0},
  pages = {88-97},
  location = {Atlanta, Georgia, USA},
  doi = {http://doi.acm.org/10.1145/570738.570751},
  publisher = {ACM Press},
  url = "citeseer.nj.nec.com/mainwaring02wireless.html" 
}



@InProceedings{mehta:v2002,
  author = 	 {V. Mehta and M. {El Zarki}},
  title = 	 {Fixed Sensor Networks for Civil Infrastructure Monitoring},
  booktitle = 	 {Proceedings Med-Hoc-Net, Sardegna, Italy},
  OPTcrossref =  {},
  OPTkey = 	 {},
  OPTpages = 	 {},
  year = 	 {2002},
  OPTeditor = 	 {},
  OPTvolume = 	 {},
  OPTnumber = 	 {},
  OPTseries = 	 {},
  OPTaddress = 	 {},
  OPTmonth = 	 {},
  OPTorganization = {},
  OPTpublisher = {},
  OPTnote = 	 {},
  OPTannote = 	 {}
}



@MastersThesis{polastre:jr2003,
  author = 	 {J. R. Polastre},
  title = 	 {Design and Implementation of Wireless 
Sensor Networks for Habitat Monitoring},
  school = 	 {Department of Electrical Engineering 
and Computer Sciences, University of California, Berkeley},
  year = 	 {2003},
  OPTkey = 	 {},
  OPTtype = 	 {},
  OPTaddress = 	 {},
  OPTmonth = 	 {},
  OPTnote = 	 {},
  OPTannote = 	 {}
}

@inproceedings{ramadurai:v2003,
  author =       {V.~Ramadurai and M.~L.~Sichitiu},
  title =        {Localization in Wireless Sensor Networks: A
                  Probabilistic Approach},
  booktitle =    {Proc. of the 2003 International Conference on
                  Wireless Networks (ICWN 2003)},
  address =      {Las Vegas, NV},
  month =        June,
  year =         2003,
}



@Manual{sensirion:sht11:2003,
  title = 	 {{R}elative {H}umidity {S}ensor {SHT}11},
  OPTkey = 	 {},
  author = 	 {{Sensirion {AG}}},
  OPTorganization = {},
  address = 	 {Sensirion AG, Eggbuehlstrasse 14, CH-8052 Zurich, Switzerland},
  OPTedition = 	 {},
  OPTmonth = 	 {},
  year = 	 {2003},
  OPTnote = 	 {},
  OPTannote = 	 {},
  url =          {http://www.sensirion.com/en/sensors/humidity/sensors_devices/sensorSHT11.htm}
}



@inproceedings{sichitiu:ml2003,
  author =       {M.~L.~Sichitiu and V.~Ramadurai and
                  P.~Peddabachagari},
  title =        {Simple Algorithm for Outdoor Localization of
                  Wireless Sensor Networks with Inaccurate Range
                  Measurements},
  booktitle =    {Proc. of the 2003 International Conference on
                  Wireless Networks (ICWN 2003)},
  address =      {Las Vegas, NV},
  month =        June,
  year =         2003,
}


@inproceedings{simic:sn2003,
  author = {Slobodan N. Simic and Shankar Shastry},
  title = {Distributed Environmental Monitoring Using
Random Sensor Networks},
  booktitle = {2nd International Workshop on Information
Processing in Sensor Networks, (IPSN) 2003},
  address = {PARC, Palo Alto},
  month = {April},
  year = {2003}
}


@InProceedings{west:b2001,
  author = 	 {B. W. West and P. G. Flikkema and 
T. Sisk and G. W. Koch},
  title = 	 {Wireless Sensor Networks for Dense 
Spatio-Temporal Monitoring of the Environment: A Case for 
Integrated Circuit, System, and Network Design},
  booktitle = 	 {2001 IEEE CAS Workshop on Wireless 
Communications and Networking},
  OPTcrossref =  {},
  OPTkey = 	 {},
  OPTpages = 	 {},
  year = 	 {2001},
  OPTeditor = 	 {},
  OPTvolume = 	 {},
  OPTnumber = 	 {},
  OPTseries = 	 {},
  address = 	 {University of Notre Dame},
  month = 	 {August},
  OPTorganization = {},
  OPTpublisher = {},
  OPTnote = 	 {},
  OPTannote = 	 {}
}




@InProceedings{wong:jm2004,
  author = 	 {{J.-M.} Wong and B. Stojadinovic},
  title = 	 {Structural Sensor Data Repository: Metadata and 
web-based user interface},
  booktitle = 	 {Proceeding of 13th World Conference on Earthquake
Engineering, Vancouver, BC Canada},
  OPTcrossref =  {},
  OPTkey = 	 {},
  OPTpages = 	 {},
  year = 	 {2004},
  OPTeditor = 	 {},
  OPTvolume = 	 {},
  OPTnumber = 	 {},
  OPTseries = 	 {},
  OPTaddress = 	 {},
  month = 	 {August 1-6},
  OPTorganization = {},
  OPTpublisher = {},
  OPTnote = 	 {},
  OPTannote = 	 {}
}

@InProceedings{woo:a2003,
  author = 	 {A. Woo and T. Tong and D. Culler},
  title = 	 {Taming the underlying hurdles for 
Reliable Multihop Routing in Sensor Networks},
  booktitle = 	 {Proceedings of ACM SenSys 2003},
  OPTcrossref =  {},
  OPTkey = 	 {},
  OPTpages = 	 {},
  year = 	 {2003},
  OPTeditor = 	 {},
  OPTvolume = 	 {},
  OPTnumber = 	 {},
  OPTseries = 	 {},
  address = 	 {Los Angeles, CA},
  month = 	 {November 5-7},
  OPTorganization = {},
  OPTpublisher = {},
  OPTnote = 	 {},
  OPTannote = 	 {}
}



