


@BOOK{hyde:r2004,
	AUTHOR       = "Randall Hyde",
	TITLE        = "Write Great Code",
	PUBLISHER    = "No Starch Press",
	YEAR         = "2004",
	VOLUME       = "1",
	SERIES       = "",
	ADDRESS      = "55 De Haro Street, Suite 250, San Franscisco, CA 94107",
	EDITION      = "",
	MONTH        = "",
	NOTE         = "Understanding the Machine"
}
