%  This file is for citations to actual
% software packages either free or commercial

%% bibtexfile{
%% $Author: doolin $
%% $Revision: 1.6 $
%% $Date: 2004/03/20 15:30:42 $







@TechReport{cheon:ys2002,
  author = 	 {Y. S. Cheon and G. T. Leavens},
  title = 	 {A simple and practicle approach 
to unit testing: The {JML} and {JU}nit way},
  institution =  {Department of Computer Science, The University of Iowa},
  year = 	 {2002},
  OPTkey = 	 {},
  OPTtype = 	 {},
  OPTnumber = 	 {},
  address = 	 {Ames, Iowa},
  OPTmonth = 	 {},
  OPTnote = 	 {},
  OPTannote = 	 {}
}

@Manual{mathworks,
  title = 	 {Matlab},
  OPTkey = 	 {},
  author = 	 {The MathWorks, {Inc.}},
  OPTorganization = {The MathWorks, Inc.},
  address = 	 {3 Applie Hill Drive, Natick MA, 01760-2098},
  OPTedition = 	 {},
  OPTmonth = 	 {},
  year = 	 {2000},
  OPTnote = 	 {},
  OPTannote = 	 {}
}




@Book{octave,
  author = 	 {J. W. Eaton},
  ALTeditor = 	 {},
  title = 	 {{GNU} {O}ctave manual},
  publisher = 	 {Network Theory Ltd},
  year = 	 {2002},
  OPTkey = 	 {},
  OPTvolume = 	 {},
  OPTnumber = 	 {},
  OPTseries = 	 {},
  address = 	 {Bristol, UK},
  OPTedition = 	 {},
  OPTmonth = 	 {},
  OPTnote = 	 {},
  OPTannote = 	 {}
}



@inproceedings{nethercote:n2003,
    author = {N. Nethercote and J. Seward},
    title = {Valgrind: A Program Supervision Framework},
    booktitle = {Electronic Notes in Theoretical Computer Science},
    volume = {89},
    issue = {2},
    publisher = {Elsevier},
    editor = {O. Sokolsky and M. Viswanathan},
    year = {2003}
}





@Book{wall:l2000,
  author = 	 {L. Wall and T. Christiansen and J. Orwant},
  ALTeditor = 	 {},
  title = 	 {Programming Perl},
  publisher = 	 {O'Reilly \& Associates},
  year = 	 {2000},
  OPTkey = 	 {},
  OPTvolume = 	 {},
  OPTnumber = 	 {},
  OPTseries = 	 {},
  address = 	 {1005 Gravenstein Highway North, Sebastopol CA, 95472},
  edition = 	 {3rd},
  OPTmonth = 	 {},
  OPTnote = 	 {},
  OPTannote = 	 {}
}

@BOOK{tktcl,
    AUTHOR = {John K. Ousterhout},
    TITLE = {{Tcl} and the {Tk} Toolkit},
    PUBLISHER = {Addison-Wesley},
    YEAR = {1994}
}
