%  Conasauga  bibliography database


%% bibtexfile{
%% author	="David M. Doolin",
%% version 	="1.0",
%% year	="20 sept 94",
%% filename	="cona.bib",
%% address	="utk",
%% email	="doolin at cs.utk.edu" }


@String{GSAB={Geological Society of America Bulletin}}
@String{IJRM={Int. J. Rock Mech. Min. Sci. \& Geomech. Abstr.}}
@String{JGR="Journal Of Geophysical Research"}
@String{IJMGE="International Journal Of Mining and Engineering"}
@String{BAEG="Bulletin of the Association of Engineering Geologists"}
@String{WRR="Water Resources Research"}
@String{GW="Ground Water"}
@String{JSG="Journal of Structural Geology"}
@String{GWMR="Groundwater Monitoring and Remediation"}
@String{JSP="Journal of Sedimentary Petrology"}



@article{hsieh:pa85a,
author	={P. A. Hsieh and S. P. Neuman},
title	={Field Determination of the Three--Dimensional Hydraulic
Conductivity Tensor of Anisotropic Media.  Part 1. Theory},
journal=WRR,
volume	=21,
pages	={1655--1665},
year	=1985,
}


@article{hsieh:pa85b,
author	={P. A. Hsieh and S. P. Neuman and Gary K. Stiles and E. S. Simpson},
title	={Field Determination of the Three--Dimensional Hydraulic
Conductivity Tensor of Anisotropic Media.  Part 2. Methodology
and Application to Fractured Rocks},
journal=WRR,
volume	=21,
pages	={1667--1676},
year	=1985,
}

@article{oda:m82,
author	={M Oda},
title	={Fabric Tensor for Discontinuous Geological Materials},
journal={Soils and Foundations--- Journal of the Japanese
Society of Soil Mechanics and Foundation Engineering},
volume	=22,
pages	={96--108},
year	=1982,
}


@article{oda:m88b,
author	={M. Oda},
title	={A Method for Evaluating the representative Elementary 
Volume Based on Joint Survey of Rock Masses},
journal={Canadian Geotechnical Journal},
volume	=25,
pages	={440--447},
year	=1988,
}

