
%  Miscellaneous text books in my collection  bibliography database

%% bibtexfile{
%% author	="David M. Doolin",
%% version 	="1.0",
%% year	="11 june 94",
%% filename	="text.bib",
%% address	="utk",
%% email	="doolin at cs.utk.edu"
%% $Author: doolin $
%% $Source: /home/users/doolin/cvsroot/tex/bibs/text.bib,v $
%% $Date: 2005/01/03 18:46:28 $
%% $Revision: 1.10 $


@String{GSAB={Geological Society of America Bulletin}}
@String{IJRM={Int. J. Rock Mech. Min. Sci. \& Geomech. Abstr.}}
@String{JGR="Journal Of Geophysical Research"}
@String{IJMGE="International Journal Of Mining and Engineering"}
@String{BAEG="Bulletin of the Association of Engineering Geologists"}
@String{WRR="Water Resources Research"}
@String{GW="Ground Water"}
@String{JSG="Journal of Structural Geology"}


@book{aarts:e89,
author	={E. Aarts},
title	= {Simulated Annealing and Boltzmann Machines},
edition={},
publisher={John Wiley \& Sons},
address={New York},
year	=1989,
}


@book{barnsley:mf88,
author	={M. F. Barnsley},
title	= {Fractals Everywhere},
edition={},
publisher={Academic Press},
address={San Diego, CA},
year	=1988,
}


@Book{beer:fp88,
  author = 	 {F. P. Beer and E. R. Johnson},
  title = 	 {Vector Mechanics for Engineers},
  publisher = 	 {McGraw-Hill},
  year = 	 {1988},
}

@book{craig:rf92,
author	={R. F. Craig},
title	= {Soil Mechanics},
edition={5th.},
publisher={Chapman \& Hall},
address={New York},
year	=1992,
}

@book{eckert:erg63,
author	={E. R. G. Eckert and J. F. Gross},
title	= {Heat and Mass Transfer},
edition={},
publisher={McGraw-Hill Book Company, Inc.},
address={New York},
year	=1963,
}


@Book{fung:yc1969,
  author = 	 {Y. C. Fung},
  title = 	 {A first course in Continuum Mechanics},
  publisher = 	 {Prentice-Hall},
  year = 	 {1969},
  address = 	 {Englewood Cliffs, NJ},
}

@book{graf:wh84,
author	={W. H. Graf},
title	= {Hydraulics of Sediment Transport},
edition={},
publisher={Water Resources Pubications},
address={P. O. Box 2841, Littleton, Colorado},
year	=1984,
}


@book{halmos:pr74,
author	={P. R. Halmos},
title	= {Naive Set Theory},
edition={},
publisher={Springer-Verlag},
address={New York},
year	=1974,
}

@book{hardy:hh94,
author	={H. H. Hardy and R. A. Beier},
title	= {Fractals in Reservoir Engineering},
edition={},
publisher={World Scientific},
address={London},
comment={Decent explanation of fourier series.  Lots
of formulas are explicitely given.},
year	=1994,
}


@book{kane:jh94,
author	={J. H. Kane},
title	= {Boundary Element Analysis in Engineering Continuum Mechanics},
edition={},
publisher={Prentice-Hall},
address={Englewood Cliffs, NJ},
year	=1994,
}


@book{kaplan:w52,
author	={W. Kaplan},
title	= {Advanced Calculus},
edition={},
publisher={Addison-Wesley Publishing Company, Inc.},
address={Reading, MA},
year	=1952,
}





@Book{macgregor:jg1992,
  author = 	 {J. G. MacGregor},
  ALTeditor = 	 {},
  title = 	 {Reinforced Concrete Mechanics and Design},
  publisher = 	 {Prentice-Hall},
  year = 	 {1992},
  OPTkey = 	 {},
  OPTvolume = 	 {},
  OPTnumber = 	 {},
  OPTseries = 	 {},
  OPTaddress = 	 {},
  edition = 	 {2d},
  OPTmonth = 	 {},
  OPTnote = 	 {},
  OPTannote = 	 {}
}

@book{malvern:le69,
author	={L. E. Malvern},
title	= {Introduction to the Mechanics of a Continuous Medium},
edition={},
publisher={Prentice-Hall},
address={Englewood Cliffs, New Jersey},
year	=1969,
}


@book{mandelbrot:bb83,
author	={B. B. Mandelbrot},
title	= {The Fractal Geometry of Nature},
edition={},
publisher={W. H. Freeman and Company},
address={New York},
year	=1983,
}


@book{mccoy:nh75,
author	={N. H. McCoy},
title	= {Introduction to Modern Algebra},
edition={3rd},
publisher={Allyn and Bacon, Inc.},
address={Boston},
year	=1975,
}



@book{meek:jl71,
author	={J. L. Meek},
title	= {Matrix Structural Analysis},
edition={},
publisher={McGraw-Hill Book Company},
address={New York},
year	=1971,
}


@Book{meriam:jl1992,
  author = 	 {J. L. Meriam and L. G. Kraige},
  title = 	 {Engineering Mechanics},
  publisher = 	 {John Wiley \& Sons},
  year = 	 {1992},
  address = 	 {New York},
  edition = 	 {3rd},
}

@book{paterson78,
author ={M. S. Paterson},
title	={Experimental Rock Deformation: The Brittle Field}, 
publisher={Springer--Verlag},
address={New York}, 
year	={1988}, 
}

@book{pietgen:ho92,
author	={H-O. Pietgen and H. J\:urgens and D. Saupe},
title	= {Fractals for the classrom part one: Introduction
to fractals and chaos},
edition={},
publisher={Springer-Verlag},
address={New York},
year	=1992,
}


@book{pietgen:ho92II,
author	={H-O. Pietgen and H. J\:urgens and D. Saupe},
title	= {Fractals for the classroom part two: complex systems
and mandelbrot set},
edition={},
publisher={Springer-Verlag},
address={New York},
year	=1992,
}



@book{protter:mh91,
author	={M. H. Protter and C. B. Morrey},
title	= {A First Course in Real Analysis},
edition={2nd},
publisher={Springer-Verlag},
address={New York},
year	=1991,
}





@Book{sharma:pv1986,
  author = 	 {P. V. Sharma},
  ALTeditor = 	 {},
  title = 	 {Geophysical Methods in Geology},
  publisher = 	 {Elsevier},
  year = 	 {1986},
  OPTkey = 	 {},
  OPTvolume = 	 {},
  OPTnumber = 	 {},
  OPTseries = 	 {},
  OPTaddress = 	 {},
  OPTedition = 	 {},
  OPTmonth = 	 {},
  OPTnote = 	 {},
  OPTannote = 	 {}
}

@book{streeter:vl75,
author	={V. L. Streeter},
title	= {E. B. Wylie},
edition={6th},
publisher={McGraw-Hill Book Company},
address={New York},
year	=1975,
}


@book{suppe:j85,
author	={J. Suppe},
title	={Principles of Structural Geology},
publisher={Prentice--Hall, Inc.},
address={Englewood Cliffs, New Jersey},
year	=1985,
}


