


@Unpublished{gay:d2004a,
  author = 	 {D. Gay and P. Levis and J. Polastre},
  title = 	 {Standard {TinyOS} Sensorboard Interface},
  note = 	 {\ \ (Unpublished) Distributed with TinyOS source,
4 Feb., 2004},
  OPTkey = 	 {},
  OPTmonth = 	 {},
  year = 	 {2004},
  OPTannote = 	 {}
}




@Unpublished{gay:d2004b,
  title = 	 {Tiny Application Sensor Kit ({TASK})
Field Tool User Manual},
  author = 	 {D. Gay},
  note = 	 {\ \ (Unpublished) Distributed with TinyOS source,
4 Feb., 2004},
  OPTkey = 	 {},
  OPTmonth = 	 {},
  year = 	 {2004},
  OPTannote = 	 {}
}

@Unpublished{ho:h2004,
  author = 	 {H. Ho},
  title = 	 {Generic sensor platform for networked 
sensor nodes},
  note = 	 {\ \ (Unpublished) Distributed with TinyOS source,
4 Feb., 2004},
  OPTkey = 	 {},
  OPTmonth = 	 {},
  year = 	 {2004},
  OPTannote = 	 {}
}


@Unpublished{hong:w2003,
  author = 	 {W. Hong},
  title = 	 {Tiny Application Sensor Kit ({TASK})},
  note = 	 {\ \ (Unpublished) Distributed with TinyOS source,
4 Feb., 2004},
  OPTkey = 	 {},
  OPTmonth = 	 {},
  year = 	 {2004},
  OPTannote = 	 {}
}



@Unpublished{levis:pa2004,
  author = 	 {P. A. Levis},
  title = 	 {TinyOS Contribution Guidelines},
  note = 	 {\ \ (Unpublished) Distributed with TinyOS source,
4 Feb., 2004},
  OPTkey = 	 {},
  OPTmonth = 	 {},
  year = 	 {2004},
  OPTannote = 	 {}
}


@InProceedings{levis:pa2004:nsdi,
 author =       "Philip Levis and Sam Madden and David Gay and Joseph
                Polastre and Robert Szewczyk and Alec Woo and Eric
                Brewer and David Culler",
 title =        "The Emergence of Networking Abstractions and
                Techniques in Tiny{OS}",
 booktitle =    "First Symposium on networked system design and
                implementation (NSDI04)",
 address =      "San Francisco, California, USA",
 pages =        "1--14",
 keywords =     "sensor and actuation networks, honours reading",
 year =         "2004",
} 

@InCollection{levis:pa2005,
  author = 	 {P. Levis and S. Madden and J. Polastre
and R. Szewczyk and K. Whitehouse and A. Woo and
D. Gay and J. Hill and M. Welsh and E. Brewer and and D. Culler},
  title = 	 {TinyOS: An operating system for wireless sensor networks},
  booktitle = 	 {Ambient Intelligence},
  OPTcrossref =  {},
  OPTkey = 	 {},
  OPTpages = 	 {},
  publisher = {Springer-Verlag},
  year = 	 {2004},
  editor = 	 {W. Weber and J. Rabaey and E. Aarts},
  OPTvolume = 	 {},
  OPTnumber = 	 {},
  OPTseries = 	 {},
  OPTtype = 	 {},
  OPTchapter = 	 {},
  OPTaddress = 	 {},
  OPTedition = 	 {},
  OPTmonth = 	 {},
  OPTnote = 	 {},
  OPTannote = 	 {}
}


