


@InProceedings{allcock:w2000,
  author = 	 {W. Allcock and I. Foster and S. Tuecke and A. Chervenak and C. Kesselman},
  title = 	 {Protocols and Services for Distributed Data-Intensive Science},
  booktitle = 	 {ACAT2000 proceedings},
  OPTcrossref =  {},
  OPTkey = 	 {},
  OPTpages = 	 {},
  year = 	 {2000},
  OPTeditor = 	 {},
  OPTvolume = 	 {},
  OPTnumber = 	 {},
  OPTseries = 	 {},
  OPTaddress = 	 {},
  OPTmonth = 	 {},
  OPTorganization = {},
  OPTpublisher = {},
  OPTnote = 	 {},
  OPTannote = 	 {},
  url       =    {http://citeseer.nj.nec.com/402495.html}
}


@inproceedings{ clarke00freenet,
    author = "Ian Clarke and Oskar Sandberg and Brandon Wiley and Theodore W. Hong",
    title = "Freenet: A Distributed Anonymous Information Storage and Retrieval System",
    booktitle = "Workshop on Design Issues in Anonymity and Unobservability",
    pages = "46-66",
    year = "2000",
    url = "citeseer.nj.nec.com/clarke00freenet.html" 
}


@InProceedings{dongarra:j1997a,
  author = 	 {J. Dongarra and S. Browne and H. Casanova},
  title = 	 {Providing Access to High Performance Computing 
Technologies},
  booktitle = 	 {Vector and Parallel Processing---{VECPAR'96}},
  OPTcrossref =  {},
  OPTkey = 	 {},
  pages = 	 {24-34},
  year = 	 {1997},
  editor = 	 {J. M.L.M. Palma and J. Dongarra},
  OPTvolume = 	 {},
  OPTnumber = 	 {},
  series = 	 {Lecture Notes in Computer Science},
  address = 	 {New York},
  month = 	 {September},
  organization = {Second International Conference on Vector and 
Parallel Processing---Systems and Applications, Porto, Portugal},
  publisher = {Springer-Verlag},
  OPTnote = 	 {},
  OPTannote = 	 {}
}



@InProceedings{vanengelen:r2000,
  author = 	 {R. {van Engelen} and K. Gallivan and G. Gupta 
and G. Cybenko},
  title = 	 {{XML-RPC} Agents for Distributed Scientific 
Computing},
  booktitle = 	 {},
  OPTcrossref =  {},
  OPTkey = 	 {},
  OPTpages = 	 {},
  year = 	 {2000},
  OPTeditor = 	 {},
  OPTvolume = 	 {},
  OPTnumber = 	 {},
  OPTseries = 	 {},
  OPTaddress = 	 {},
  month = 	 {August 21-25},
  organization = {16th IMACS WORLD CONGRESS 2000 
                  on Scientific Computation, Applied Mathematics 
                  and Simulation, Lausanne, Switzerland},
  publisher = {International Association for Mathematics and 
                  Computers in Simulation ({IMACS})},
  OPTnote = 	 {},
  OPTannote = 	 {}
}


@article{foster:i1997,
    author = "I. Foster and C. Kesselman",
    title = "{Globus}: {A} Metacomputing Infrastructure Toolkit",
    journal = "The International Journal of Supercomputer Applications and High Performance Computing",
    volume = "11",
    number = "2",
    month = "Summer",
    pages = "115--128",
    year = "1997",
    url = "citeseer.nj.nec.com/article/foster96globus.html" 
}





@Article{foster:i2001,
  author = 	 {I. Foster and C. Kesselman and S. Tuecke},
  title = 	 {The Anatomy of the Grid: Enabling Scalable
 Virtual Organizations},
  journal = 	 {International Journal of Supercomputer Applications},
  year = 	 {2001},
  OPTkey = 	 {},
  volume = 	 {(to appear)},
  OPTnumber = 	 {},
  OPTpages = 	 {},
  OPTmonth = 	 {},
  OPTnote = 	 {},
  OPTannote = 	 {}
}

@InProceedings{govindaraju:m2000,
  author = 	 {Madhusudhan Govindaraju and Aleksander Slominski 
             and Venkatesh Choppella and Randall Bramley and Dennis Gannon},
  title = 	 {Requirements for and Evaluation of {RMI} 
            Protocols for Scientific Computing},
  booktitle = 	 {Supercomputing 2000},
  OPTcrossref =  {},
  OPTkey = 	 {},
  OPTpages = 	 {},
  year = 	 {2000},
  OPTeditor = 	 {},
  OPTvolume = 	 {},
  OPTnumber = 	 {},
  OPTseries = 	 {},
  address = 	 {Dallas, Texas},
  OPTmonth = 	 {November 4-10},
  organization = {International Conference for High Performance 
                  Computing and Communication},
  publisher = {Association for Computing Machinery},
  OPTnote = 	 {},    
  url = {http://citeseer.nj.nec.com/396099.html},
  OPTannote = 	 {}
}







@InProceedings{stoica:i2001,
  author = 	 {I. Stoica and R. Morris and D. Karger
and M. F. Kaashoek and H. Balakrishnan},
  title = 	 {Chord: A Scalable Peer-to-peer Lookup Service
for Internet Applications},
  booktitle = 	 {},
  OPTcrossref =  {},
  OPTkey = 	 {},
  OPTpages = 	 {},
  year = 	 {2001},
  OPTeditor = 	 {},
  OPTvolume = 	 {},
  OPTnumber = 	 {},
  OPTseries = 	 {},
  OPTaddress = 	 {},
  month = 	 {Aug. 27-31},
  organization = {{SIGCOMM '01}},
  publisher = {ACM},
  OPTnote = 	 {},
  OPTannote = 	 {}
}


