


@String{FMN = {Fire Management Notes}}
@String{FMT = {Fire Management Today}}




@Article{alexander:me2003,
  author = 	 {M. E. Alexander and D. A. Thomas},
  title = 	 {Wildland Fire Behavior Case Studies and 
Analyses: Other Examples, Methods, Reporting Standards,
and some Practical Advice},
  journal = 	 FMT,
  year = 	 {2003},
  OPTkey = 	 {},
  volume = 	 {63},
  number = 	 {4},
  pages = 	 {4-12},
  OPTmonth = 	 {},
  OPTnote = 	 {},
  OPTannote = 	 {}
}

@Article{andrews:pl1999,
  author = 	 {P. L. Andrews and C. D. Bevins},
  title = 	 {{BEHAVE} Fire Modeling System: Redesign and Expansion},
  journal = 	 FMN,
  year = 	 {1999},
  OPTkey = 	 {},
  volume = 	 {59},
  OPTnumber = 	 {2},
  pages = 	 {16-19},
  OPTmonth = 	 {},
  note = 	 {\url{http://www.fs.fed.us/fire/fmt/articles_index.html}},
  OPTannote = 	 {}
}





@Article{eckert:sa2004,
  author = 	 {S. A. Eckert},
  title = 	 {Reader comment: Brewer Fire not so mysterious},
  journal = 	 FMT,
  year = 	 {2004},
  OPTkey = 	 {},
  volume = 	 {64},
  number = 	 {2},
  pages = 	 {56},
  OPTmonth = 	 {},
  OPTnote = 	 {},
  OPTannote = 	 {}
}

@Article{finney:ma1999,
  author = 	 {M. A. Finney and P. L. Andrews},
  title = 	 {{FARSITE} --- A Program for Fire Growth Simulation},
  journal = 	 FMN,
  year = 	 {1999},
  OPTkey = 	 {},
  volume = 	 {59},
  OPTnumber = 	 {2},
  pages = 	 {13-15},
  OPTmonth = 	 {},
  note = 	 {\url{http://www.fs.fed.us/fire/fmt/articles_index.html}},
  OPTannote = 	 {}
}

@TechReport{anderson:hd1982,
  author = 	 {H. D. Anderson},
  title = 	 {Aids to determining fuel models for estimating fire behavior},
  institution =  {USDA Forest Service, Intermountain Forest and Range Experiment Station},
  year = 	 {1982},
  OPTkey = 	 {},
  OPTtype = 	 {},
  OPTnumber = 	 {},
  address = 	 {Ogden, Utah},
  OPTmonth = 	 {},
  OPTnote = 	 {},
  OPTannote = 	 {}
}



@TechReport{barclay:t1998,
  author = 	 {{T. Barclay {et al.}}},
  title = 	 {The {M}icrosoft {T}erraServer},
  institution =  {Microsoft Research},
  year = 	 {1998},
  OPTkey = 	 {},
  type = 	 {{MSR-TR}-98-17},
  OPTnumber = 	 {},
  address = 	 {Redmond, WA},
  OPTmonth = 	 {},
  OPTnote = 	 {},
  OPTannote = 	 {}
}




@Misc{tinyos,
  OPTkey = 	 {},
  OPTauthor = 	 {},
  OPTtitle = 	 {},
  howpublished = {\url{http://www.tinyos.net}},
  OPTmonth = 	 {},
  OPTyear = 	 {},
  OPTnote = 	 {},
  OPTannote = 	 {}
}





@Article{williams:j2004,
  author = 	 {J. Williams},
  title = 	 {Managing Fire-Dependent Ecosystems:
We need a Public Lands Policy Debate},
  journal = 	 FMT,
  year = 	 {2004},
  OPTkey = 	 {},
  volume = 	 {64},
  number = 	 {2},
  pages = 	 {6-11},
  OPTmonth = 	 {Spring},
  OPTnote = 	 {},
  OPTannote = 	 {}
}

Andrews, P.L. and R.C. Rothermel, 1982. Charts for interpreting wildland
fire behaviour characteristics. U.S. Department of Agriculture, Forest
Service, General Technical Report INT-131.  Intermountain Forest and Range
Experiment Station, Ogden, Utah.

Beer, T. 1990. "The Australian National Bushfire Model Project",
Mathematical Computer Modeling, Vol. 13, No. 12, pp.49-56.

Burgan, R.E., R.C. Rothermel, 1984. BEHAVE: Fire behavior prediction and
fuel modeling - Fuel subsystem. U.S. Department of Agriculture, Forest
Service, General Technical Report INT-167.  Intermountain Forest and Range
Experiment Station, Ogden, Utah.

Catchpole, E.A., W.R. Catchpole,  R.C. Rothermel, 1993. "Fire Behavior
Experiments in Mixed Fuel Complexes", International Journal of Wildland
Fire, Vol. 3, No.1, pp.45-57.

Kessel, S.R. 1990. "An Australian geographical  information and modeling
system for natural area management," International Journal of Geographical
Information Systems, Vol. 4, No. 3, pp.333-362.

McArthur, A.G. 1966. Weather and grassland fire modeling. Commonwealth of
Australia, Forest and Timber Bureau, Canberra, Leaflet No. 100.

McArthur, A.G. 1967.  Fire modeling in eucalypt forests. Commonwealth of
Australia, Forest and Timber Bureau, Canberra, Leaflet No. 107.

McRae, R.H.D. 1990. "Use of Digital Terrain Data for Calculating Fire
Rates of Spread with the Preplan Computer System". In Mathematical
Computer Modeling, Vol. 13, No. 12, pp.37-48.

Rothermel, R.C. 1972. A mathematical model for predicting fire spread in
wildland fuels. U.S. Department of Agriculture, Forest Service, Research
Paper  INT-115.  Intermountain Forest and Range Experiment Station, Ogden,
Utah.

Rothermel, R.C. and G.C. Rinehart, 1983. Field procedures for verification
and adjustment of fire predictions. U.S. Department of Agriculture,
General Technical Report INT-142.  Intermountain Forest and Range
Experiment Station, Ogden, Utah.

Stocks, B.J., B.D. Lawson, M.E. Alexander, C.E. Van Wagner, R.S. McAlpine,
T.J. Lynham, and D.E. Dube, 1989. "The Canadian Forest Danger Rating
System: and overview" in Forestry Chronicle, Vol. 65, pp.450-457.

Van Wilgen, B.W., D.C. le Maitre, and F.J. Kruger, 1985.  "Fire modeling
in South African fynbos (macchia) vegetation and predictions from
Rothermel's fire model." Journal of Applied Ecology, Vol. 22, pp.207-216.

