
% Wish list bibliography  bibliography database

%% bibtexfile{
%% author	="David M. Doolin",
%% version 	="1.0",
%% year	="11 june 94",
%% filename	="wish.bib",
%% address	="utk",
%% email	="doolin at cs.utk.edu"



@book{altman:sl86,
author	={S. L. Altman},
title	= {Rotations, Quaternions, and Double Groups},
publisher={Clarendon Press},
address={Oxford},
year	=1986,
}


@book{anderson:tl91,
author ={T. L. Anderson},
title	= {Fracture Mechanics: Fundamentals and Applications}, 
publisher={CRC Press,},
address={Boca Raton, FL}, 
year={1991}, 
}

%%%%%  Move this to hydro.
@book{bear:j1972,
author	={J. Bear},
title	= {Dynamics of Fluids in Porous Media},
publisher={American Elsevier},
address={New York},
year	=1972,
}

@book{benjamin:jr70,
author	={J. R. Benjamin and C. A. Cornell},
title	= {Probability, Statistics, and Decision for
Civil Engineers},
edition={},
publisher={McGraw-Hill Book Company},
address={New York},
year	=1970,
}


@book{carmeli:m76,
title={Representations of the Rotation Group and 
Lorentz Groups},
author	={M. Carmeli and S. Malin},
publisher={Marcel Dekker, Inc},
address={New York},
year	=1976,
}


%%%%  Do I have this?
@book{davis:jc,
author	={J. C. Davis},
title	= {Statistics and Data Analysis in Geology},
publisher={John Wiley \& Sons, Inc.},
address={New York},
year	=1973,
}


@book{driscoll:fg86,
author	={F. G. Driscoll},
title	={Groundwater and Wells}, 
edition={2d},
publisher={Johnson Div.},
address={St. Paul, Minnesota},
year	=1986,
}



@book{fisher:ni93,
author	={N. I. Fisher},
title	= {Statistical Analysis of Circular Data},
publisher={Cambridge University Press},
address={Cambridge},
year	=1993,
}

@book{fisher:ni87,
author={N. I. Fisher},
title= {Statistical Analysis of Spherical Data},
publisher={Cambridge University Press},
address={Cambridge},
year	=1987,
}


@book{garrels:rm65,
author	={R. M. Garrels and C. Christ},
title	= {Minerals, Solutions, and Equilibria},
publisher={Harper and Row},
address={??},
year	=1965,
}


@book{gurtin:m1981,
author	={M. Gurtin},
title	= {An Introduction to Continuum Mechanics},
edition={},
publisher={Academic Press},
address={New York},
year	=1981,
}

@book{haupt:p2000,
author	={P. Haupt},
title	= {Continuum Mechanics and Theory of Materials},
edition={},
publisher={Springer},
address={New York},
year	=2000,
}




@book{jennings:jn85,
author	={J. N. Jennings},
title	= {Karst Geomorphology},
edition={2 ed.},
publisher={Basil Blackwell},
address={New York},
year	=1985,
comment={Mentions ``rendzina'' (p. 36) soils; dark, loamy, crumbly alkaline
soils formed in temperate karst terrains.  Need further reference for
these soils.},
}

@book{joshi:aw77,
author	={A. W. Joshi},
title	= {Elements of group theory for Physicists},
edition={2d.},
publisher={John Wiley \& Sons},
address={New York},
year	=1977,
}

@book{jones:mn85,
author	={M. N. Jones},
title	= {Spherical Harmonics and Tensors for Classical 
Field Theory},
publisher={Research Studies Press Ltd. and John Wiley \& Sons},
address={New York},
year	=1985,
}


@book{kendall63,
author	={M. G. Kendall and P. A. P. Moran},
title	= {Geometrical Probability},
publisher={Hafner Publishing Co.},
address={New York},
year	={1963},
}


@book{lancaster:p86,
author	={P. Lancaster and K. Salkauskas},
title	= {Curve and Surface fitting: an introduction},
publisher={Academic Press},
address={New York},
year	=1986,
}



@book{lin:l84,
author	={C. Lin and J. W. Harbaugh},
title	= {Graphic Display of Two- and Three-Dimensional 
Markov Computer Models in Geology},
publisher={Van Nostrand Reinhold Co.},
address={New York},
year	=1984,
}


@book{means:wd76,
author	={W. D. Means},
title	= {Stress and Strain},
publisher={Springer-Verlag},
address={New York},
year	=1976,
}


@book{morse:pm53,
author	={P. M. Morse and H. Feshbach},
title	= {Methods of Theoretical Physics, Vol I \& II},
publisher={McGraw--Hill Book Company, Inc.},
address={New York},
year	=1953,
}




@book{priest:sd85,
author	={S. D. Priest},
title	= {Hemispherical Projection Methods in Rock Mechanics},
publisher={George Allen \& Unwin (Publishers) Ltd.},
address={London},
year	=1985,
}


@book{rock:nms88,
author	={N. M. S. Rock},
title	= {Numerical Geology},
publisher={Springer-Verlag},
address={New York},
year	=1988,
}

@book{stone:ld75,
author	={L. D. Stone},
title	= {Theory of Optimal Search},
publisher={Academic Press},
address={Ny, NY},
year	=1975,
}



@book{strack:odl93,
author	={O. D. L. Strack},
title	= {Groundwater Mechanics},
publisher={Prentice--Hall, Inc.},
address={Englewood Cliffs, New Jersey},
year	=1989,
}


@book{truesdell:ca1991,
author	={C. A. Truesdell},
title	= {A First Course in Rational Continuum Mechanics},
edition={2d},
publisher={Academic Press},
address={New York},
year	=1991,
}




@book{whittaker:bn92,
author	={B. N. Whittaker and  R. N. Singh and G. Sun},
title	={Rock Fracture Mechanics: Principles, Design and Applications}, 
publisher={Elsevier}, 
address={Amsterdam}, 
pages	={511--521},
year=1992,
}


@book{wittke:w1990,
author	={W. Wittke},
title	= {Rock Mechanics: Theory and Applications with Case Histories},
publisher={Springer-Verlag},
address={New York},
year	={1990},
comment={Translated by Richard Sykes},
}


