
@Book{harold:er2001,
  author = 	 {E. R. Harold and W. S. Means},
  ALTeditor = 	 {},
  title = 	 {{XML} in a {N}utshell},
  publisher = 	 {O'Reilly and Associates},
  year = 	 {2001},
  OPTkey = 	 {},
  OPTvolume = 	 {},
  OPTnumber = 	 {},
  OPTseries = 	 {},
  address = 	 {Sebastopol, CA},
  OPTedition = 	 {},
  OPTmonth = 	 {},
  OPTnote = 	 {},
  OPTannote = 	 {}
}





@TechReport{liefke:h1999,
  author = 	 {H. Liefke and D. Suciu},
  title = 	 {XMill: an Efficient Compressor for {XML} data},
  institution =  {University of Pennsylvania},
  year = 	 {1999},
  OPTkey = 	 {},
  OPTtype = 	 {},
  number = 	 {{MS-CIS}-99-26},
  OPTaddress = 	 {},
  OPTmonth = 	 {},
  OPTnote = 	 {},
  OPTannote = 	 {}
}

@Book{ray:et2001,
  author = 	 {E. T. Ray},
  ALTeditor = 	 {},
  title = 	 {Learning {XML}},
  publisher = 	 {O'Reilly and Associates},
  year = 	 {2001},
  OPTkey = 	 {},
  OPTvolume = 	 {},
  OPTnumber = 	 {},
  OPTseries = 	 {},
  address = 	 {Sebastopol, CA},
  OPTedition = 	 {},
  OPTmonth = 	 {},
  OPTnote = 	 {},
  OPTannote = 	 {}
}




@TechReport{xmlspec,
  author = 	 {T. Bray and J. Paoli and C. M. Sperberg-McQueen
and E. Maler},
  title = 	 {Extensible Markup Language (XML) 1.0 (Second Edition)},
  institution =  {W3C},
  year = 	 {2000},
  OPTkey = 	 {},
  OPTtype = 	 {},
  OPTnumber = 	 {},
  OPTaddress = 	 {http://www.w3.org/TR/REC-xml},
  month = 	 {6 October},
  OPTnote = 	 {},
  OPTannote = 	 {}
}

@TechReport{jxtaspec,
  author = 	 {Anonymous},
  title = 	 {{JXTA} v1.0 {P}rotocols {S}pecification (Revision 1.2.1)},
  institution =  {Sun Microsystems},
  year = 	 {2001},
  OPTkey = 	 {},
  OPTtype = 	 {},
  OPTnumber = 	 {},
  OPTaddress = 	 {},
  OPTmonth = 	 {June 27},
  OPTnote = 	 {},
  OPTannote = 	 {}
}

@Book{musciano:c2000,
  author = 	 {C. Musciano and B. Kennedy},
  ALTeditor = 	 {},
  title = 	 {HTML and XHTML: The Definitive Guide},
  publisher = 	 {O'Reilly and Associates},
  year = 	 {2000},
  OPTkey = 	 {},
  OPTvolume = 	 {},
  OPTnumber = 	 {},
  OPTseries = 	 {},
  address = 	 {Sebastopol, CA},
  edition = 	 {4th},
  OPTmonth = 	 {},
  OPTnote = 	 {},
  OPTannote = 	 {}
}

